  <div class='ocr_page' id='page_1' title='image "/cluster/home/n/w/nwhite01/storage/ocr_20150623/81/mdp.39015078384339/963.png"; bbox 0 0 3956 6202; ppageno 0'>
   <div class='ocr_carea' id='block_1_1' title="bbox 528 329 662 393">
    <p class='ocr_par' dir='ltr' id='par_1_1' title="bbox 528 329 662 393">
     <span class='ocr_line' id='line_1_1' title="bbox 528 329 662 393; baseline 0.015 -3"><span class='ocrx_word' id='word_1_1' title='bbox 528 329 662 393; x_wconf 74' lang='grc'><strong>1823</strong></span> 
     </span>
    </p>
   </div>
   <div class='ocr_carea' id='block_1_2' title="bbox 1481 332 3691 407">
    <p class='ocr_par' dir='ltr' id='par_1_2' title="bbox 1481 332 3691 407">
     <span class='ocr_line' id='line_1_2' title="bbox 1481 332 3691 407; baseline -0.008 -9"><span class='ocrx_word' id='word_1_2' title='bbox 1481 332 1972 398; x_wconf 82' lang='lat' dir='ltr'><strong>THEODORETI</strong></span> <span class='ocrx_word' id='word_1_3' title='bbox 2011 333 2350 397; x_wconf 77' lang='lat' dir='ltr'><strong>EPISCOPI</strong></span> <span class='ocrx_word' id='word_1_4' title='bbox 2382 335 2744 397; x_wconf 80' lang='lat' dir='ltr'><strong>CYRENSIS</strong></span> <span class='ocrx_word' id='word_1_5' title='bbox 3594 339 3691 407; x_wconf 55' lang='lat' dir='ltr'><strong>183i</strong></span> 
     </span>
    </p>
   </div>
   <div class='ocr_carea' id='block_1_3' title="bbox 526 434 2106 519">
    <p class='ocr_par' dir='ltr' id='par_1_3' title="bbox 526 436 2101 510">
     <span class='ocr_line' id='line_1_3' title="bbox 526 436 2101 510; baseline 0.005 -19"><span class='ocrx_word' id='word_1_6' title='bbox 526 436 892 495; x_wconf 82' lang='lat' dir='ltr'><strong>subversione</strong></span> <span class='ocrx_word' id='word_1_7' title='bbox 926 439 1174 504; x_wconf 86' lang='lat' dir='ltr'><strong>turbida,</strong></span> <span class='ocrx_word' id='word_1_8' title='bbox 1216 446 1271 497; x_wconf 91' lang='lat' dir='ltr'><strong>et</strong></span> <span class='ocrx_word' id='word_1_9' title='bbox 1302 440 1558 510; x_wconf 76' lang='lat' dir='ltr'><strong>inebriat,</strong></span> <span class='ocrx_word' id='word_1_10' title='bbox 1604 452 1665 499; x_wconf 92' lang='lat' dir='ltr'><strong>ut</strong></span> <span class='ocrx_word' id='word_1_11' title='bbox 1698 444 1984 500; x_wconf 89' lang='lat' dir='ltr'><strong>intueatur</strong></span> <span class='ocrx_word' id='word_1_12' title='bbox 2044 445 2101 499; x_wconf 91' lang='lat' dir='ltr'><strong>in</strong></span> 
     </span>
    </p>
   </div>
   <div class='ocr_carea' id='block_1_4' title="bbox 2208 434 3692 519">
    <p class='ocr_par' dir='ltr' id='par_1_4' title="bbox 2208 434 3692 519">
     <span class='ocr_line' id='line_1_4' title="bbox 2208 434 3692 519; baseline 0.005 -20"><span class='ocrx_word' id='word_1_13' title='bbox 2208 444 2314 515; x_wconf 71' lang='grc' dir='ltr'>τιὴν</span> <span class='ocrx_word' id='word_1_14' title='bbox 2364 444 2612 517; x_wconf 66' lang='grc' dir='ltr'>θολερὲν,</span> <span class='ocrx_word' id='word_1_15' title='bbox 2656 434 2767 498; x_wconf 70' lang='grc' dir='ltr'><strong>καὶΔ</strong></span> <span class='ocrx_word' id='word_1_16' title='bbox 2792 440 3082 514; x_wconf 84' lang='grc' dir='ltr'>μεθύσκων</span> <span class='ocrx_word' id='word_1_17' title='bbox 3117 445 3260 509; x_wconf 80' lang='grc' dir='ltr'>ὅπως</span> <span class='ocrx_word' id='word_1_18' title='bbox 3289 444 3528 519; x_wconf 76' lang='grc' dir='ltr'>ἐπιϐλέπῃ</span> <span class='ocrx_word' id='word_1_19' title='bbox 3554 452 3692 511; x_wconf 57' lang='lat' dir='ltr'><strong>iniri</strong></span> 
     </span>
    </p>
   </div>
   <div class='ocr_carea' id='block_1_5' title="bbox 527 530 2106 607">
    <p class='ocr_par' dir='ltr' id='par_1_5' title="bbox 527 530 2106 607">
     <span class='ocr_line' id='line_1_5' title="bbox 527 530 2106 607; baseline 0.004 -22"><span class='ocrx_word' id='word_1_20' title='bbox 527 530 821 599; x_wconf 85' lang='lat' dir='ltr'><strong>speluncas</strong></span> <span class='ocrx_word' id='word_1_21' title='bbox 875 545 1090 587; x_wconf 91' lang='lat' dir='ltr'><strong>eorum.</strong></span> <span class='ocrx_word' id='word_1_22' title='bbox 1167 531 1231 586; x_wconf 88' lang='lat' dir='ltr'><strong>Et</strong></span> <span class='ocrx_word' id='word_1_23' title='bbox 1283 536 1634 592; x_wconf 89' lang='lat' dir='ltr'><strong>saturitatem</strong></span> <span class='ocrx_word' id='word_1_24' title='bbox 1691 536 2010 607; x_wconf 67' lang='lat' dir='ltr'><strong>ignominiae</strong></span> <span class='ocrx_word' id='word_1_25' title='bbox 2039 536 2106 592; x_wconf 90' lang='lat' dir='ltr'><strong>de</strong></span> 
     </span>
    </p>
   </div>
   <div class='ocr_carea' id='block_1_6' title="bbox 524 622 2106 700">
    <p class='ocr_par' dir='ltr' id='par_1_6' title="bbox 524 622 2106 700">
     <span class='ocr_line' id='line_1_6' title="bbox 524 622 2106 700; baseline 0.006 -25"><span class='ocrx_word' id='word_1_26' title='bbox 524 622 723 693; x_wconf 82' lang='lat' dir='ltr'><strong>gloria.</strong></span> <span class='ocrx_word' id='word_1_27' title='bbox 758 622 888 678; x_wconf 84' lang='lat' dir='ltr'><strong>Bibe</strong></span> <span class='ocrx_word' id='word_1_28' title='bbox 917 623 1082 678; x_wconf 82' lang='lat' dir='ltr'><strong>etiam</strong></span> <span class='ocrx_word' id='word_1_29' title='bbox 1133 630 1214 690; x_wconf 92' lang='lat' dir='ltr'><strong>tu,</strong></span> <span class='ocrx_word' id='word_1_30' title='bbox 1266 634 1324 680; x_wconf 93' lang='lat' dir='ltr'><strong>et</strong></span> <span class='ocrx_word' id='word_1_31' title='bbox 1369 627 1715 683; x_wconf 81' lang='lat' dir='ltr'><strong>concutiaris</strong></span> <span class='ocrx_word' id='word_1_32' title='bbox 1777 628 1993 700; x_wconf 60' lang='lat'><strong>155.8</strong></span> <span class='ocrx_word' id='word_1_33' title='bbox 2041 643 2106 683; x_wconf 88' lang='lat' dir='ltr'><strong>ac</strong></span> 
     </span>
    </p>
   </div>
   <div class='ocr_carea' id='block_1_7' title="bbox 529 713 2105 791">
    <p class='ocr_par' dir='ltr' id='par_1_7' title="bbox 529 713 2105 791">
     <span class='ocr_line' id='line_1_7' title="bbox 529 713 2105 791; baseline 0.006 -25"><span class='ocrx_word' id='word_1_34' title='bbox 529 713 957 770; x_wconf 80' lang='lat' dir='ltr'><strong>commovearis.</strong></span> <span class='ocrx_word' id='word_1_35' title='bbox 1012 733 1031 767; x_wconf 76' lang='grc' dir='ltr'><strong>ι</strong></span> <span class='ocrx_word' id='word_1_36' title='bbox 1087 715 1546 788; x_wconf 76' lang='lat' dir='ltr'><strong>Quandoquidem</strong></span> <span class='ocrx_word' id='word_1_37' title='bbox 1605 720 1751 774; x_wconf 90' lang='lat' dir='ltr'><strong>enim</strong></span> <span class='ocrx_word' id='word_1_38' title='bbox 1813 721 2105 791; x_wconf 75' lang='lat' dir='ltr'><strong>inquirens</strong></span> 
     </span>
    </p>
   </div>
   <div class='ocr_carea' id='block_1_8' title="bbox 526 803 2105 871">
    <p class='ocr_par' dir='ltr' id='par_1_8' title="bbox 526 803 2105 871">
     <span class='ocr_line' id='line_1_8' title="bbox 526 803 2105 871; baseline 0.007 -17"><span class='ocrx_word' id='word_1_39' title='bbox 526 804 821 858; x_wconf 70' lang='lat' dir='ltr'><strong>thesauros</strong></span> <span class='ocrx_word' id='word_1_40' title='bbox 862 803 1142 871; x_wconf 82' lang='lat' dir='ltr'><strong>defossos,</strong></span> <span class='ocrx_word' id='word_1_41' title='bbox 1193 808 1320 862; x_wconf 88' lang='lat' dir='ltr'><strong>aliis</strong></span> <span class='ocrx_word' id='word_1_42' title='bbox 1385 810 1734 866; x_wconf 83' lang='lat' dir='ltr'><strong>vexationem</strong></span> <span class='ocrx_word' id='word_1_43' title='bbox 1782 811 1954 865; x_wconf 78' lang='lat' dir='ltr'><strong>veluti</strong></span> <span class='ocrx_word' id='word_1_44' title='bbox 1985 819 2105 865; x_wconf 90' lang='lat' dir='ltr'><strong>tur-</strong></span> 
     </span>
    </p>
   </div>
   <div class='ocr_carea' id='block_1_9' title="bbox 525 892 2102 972">
    <p class='ocr_par' dir='ltr' id='par_1_9' title="bbox 525 892 2102 972">
     <span class='ocr_line' id='line_1_9' title="bbox 525 892 2102 972; baseline 0.006 -26"><span class='ocrx_word' id='word_1_45' title='bbox 525 892 708 946; x_wconf 78' lang='lat' dir='ltr'><strong>bidam</strong></span> <span class='ocrx_word' id='word_1_46' title='bbox 742 896 1036 964; x_wconf 86' lang='lat' dir='ltr'><strong>quamdam</strong></span> <span class='ocrx_word' id='word_1_47' title='bbox 1060 898 1337 967; x_wconf 88' lang='lat' dir='ltr'><strong>potionem</strong></span> <span class='ocrx_word' id='word_1_48' title='bbox 1371 902 1608 958; x_wconf 85' lang='lat' dir='ltr'><strong>intulisti</strong></span> <span class='ocrx_word' id='word_1_49' title='bbox 1642 919 1655 957; x_wconf 91' lang='lat'><strong>:</strong></span> <span class='ocrx_word' id='word_1_50' title='bbox 1687 902 1878 972; x_wconf 88' lang='lat' dir='ltr'><strong>accipe</strong></span> <span class='ocrx_word' id='word_1_51' title='bbox 1912 902 2102 970; x_wconf 90' lang='lat' dir='ltr'><strong>etiam,</strong></span> 
     </span>
    </p>
   </div>
   <div class='ocr_carea' id='block_1_10' title="bbox 525 983 2102 1063">
    <p class='ocr_par' dir='ltr' id='par_1_10' title="bbox 525 983 2102 1063">
     <span class='ocr_line' id='line_1_10' title="bbox 525 983 2102 1063; baseline 0.01 -30"><span class='ocrx_word' id='word_1_52' title='bbox 525 989 583 1034; x_wconf 92' lang='lat' dir='ltr'><strong>tu</strong></span> <span class='ocrx_word' id='word_1_53' title='bbox 628 983 776 1052; x_wconf 87' lang='lat' dir='ltr'><strong>quod</strong></span> <span class='ocrx_word' id='word_1_54' title='bbox 830 988 1151 1056; x_wconf 80' lang='lat' dir='ltr'><strong>temperasti</strong></span> <span class='ocrx_word' id='word_1_55' title='bbox 1199 990 1460 1059; x_wconf 86' lang='lat' dir='ltr'><strong>poculum</strong></span> <span class='ocrx_word' id='word_1_56' title='bbox 1508 1008 1522 1044; x_wconf 89' lang='lat'><strong>:</strong></span> <span class='ocrx_word' id='word_1_57' title='bbox 1582 1006 1763 1063; x_wconf 88' lang='lat' dir='ltr'><strong>eoque</strong></span> <span class='ocrx_word' id='word_1_58' title='bbox 1811 992 2102 1059; x_wconf 79' lang='lat' dir='ltr'><strong>exhausto,</strong></span> 
     </span>
    </p>
   </div>
   <div class='ocr_carea' id='block_1_11' title="bbox 525 1074 2107 1156">
    <p class='ocr_par' dir='ltr' id='par_1_11' title="bbox 525 1074 2107 1156">
     <span class='ocr_line' id='line_1_11' title="bbox 525 1074 2107 1156; baseline 0.009 -30"><span class='ocrx_word' id='word_1_59' title='bbox 525 1074 707 1141; x_wconf 82' lang='lat' dir='ltr'><strong>abjicc</strong></span> <span class='ocrx_word' id='word_1_60' title='bbox 737 1076 980 1145; x_wconf 87' lang='lat' dir='ltr'><strong>priorem</strong></span> <span class='ocrx_word' id='word_1_61' title='bbox 1016 1078 1208 1149; x_wconf 65' lang='lat' dir='ltr'><strong>gloriae</strong></span> <span class='ocrx_word' id='word_1_62' title='bbox 1244 1082 1619 1151; x_wconf 87' lang='lat' dir='ltr'><strong>splendorem,</strong></span> <span class='ocrx_word' id='word_1_63' title='bbox 1659 1092 1828 1156; x_wconf 90' lang='lat' dir='ltr'><strong>atque</strong></span> <span class='ocrx_word' id='word_1_64' title='bbox 1871 1085 2107 1156; x_wconf 87' lang='lat' dir='ltr'><strong>ignomi-</strong></span> 
     </span>
    </p>
   </div>
   <div class='ocr_carea' id='block_1_12' title="bbox 526 1165 2107 1245">
    <p class='ocr_par' dir='ltr' id='par_1_12' title="bbox 526 1165 2107 1245">
     <span class='ocr_line' id='line_1_12' title="bbox 526 1165 2107 1245; baseline 0.008 -27"><span class='ocrx_word' id='word_1_65' title='bbox 526 1165 615 1219; x_wconf 91' lang='lat' dir='ltr'><strong>nia</strong></span> <span class='ocrx_word' id='word_1_66' title='bbox 671 1176 966 1237; x_wconf 85' lang='lat' dir='ltr'><strong>coopertus</strong></span> <span class='ocrx_word' id='word_1_67' title='bbox 1026 1170 1372 1240; x_wconf 87' lang='lat' dir='ltr'><strong>repentinam</strong></span> <span class='ocrx_word' id='word_1_68' title='bbox 1432 1174 1796 1229; x_wconf 86' lang='lat' dir='ltr'><strong>mutationem</strong></span> <span class='ocrx_word' id='word_1_69' title='bbox 1854 1175 2107 1245; x_wconf 88' lang='lat' dir='ltr'><strong>deplora.</strong></span> 
     </span>
    </p>
   </div>
   <div class='ocr_carea' id='block_1_13' title="bbox 530 1258 2106 1332">
    <p class='ocr_par' dir='ltr' id='par_1_13' title="bbox 530 1258 2106 1332">
     <span class='ocr_line' id='line_1_13' title="bbox 530 1258 2106 1332; baseline 0.01 -25"><span class='ocrx_word' id='word_1_70' title='bbox 530 1275 550 1307; x_wconf 72' lang='grc' dir='ltr'><strong>τ</strong></span> <span class='ocrx_word' id='word_1_71' title='bbox 589 1258 968 1315; x_wconf 80' lang='lat' dir='ltr'><strong>Circuindedit</strong></span> <span class='ocrx_word' id='word_1_72' title='bbox 993 1268 1046 1316; x_wconf 90' lang='lat' dir='ltr'><strong>te</strong></span> <span class='ocrx_word' id='word_1_73' title='bbox 1078 1261 1225 1316; x_wconf 79' lang='lat' dir='ltr'><strong>calix</strong></span> <span class='ocrx_word' id='word_1_74' title='bbox 1275 1263 1517 1320; x_wconf 69' lang='lat' dir='ltr'><strong>dexterae</strong></span> <span class='ocrx_word' id='word_1_75' title='bbox 1574 1265 1813 1332; x_wconf 88' lang='lat' dir='ltr'><strong>Domini,</strong></span> <span class='ocrx_word' id='word_1_76' title='bbox 1880 1274 1937 1323; x_wconf 90' lang='lat' dir='ltr'><strong>et</strong></span> <span class='ocrx_word' id='word_1_77' title='bbox 1971 1282 2106 1323; x_wconf 85' lang='lat' dir='ltr'><strong>con-</strong></span> 
     </span>
    </p>
   </div>
   <div class='ocr_carea' id='block_1_14' title="bbox 463 1351 2105 1427">
    <p class='ocr_par' dir='ltr' id='par_1_14' title="bbox 463 1351 2105 1427">
     <span class='ocr_line' id='line_1_14' title="bbox 463 1351 2105 1427; baseline 0.012 -30"><span class='ocrx_word' id='word_1_78' title='bbox 463 1378 470 1395; x_wconf 76' lang='lat'>.</span> <span class='ocrx_word' id='word_1_79' title='bbox 526 1359 748 1420; x_wconf 80' lang='lat' dir='ltr'><strong>gregala</strong></span> <span class='ocrx_word' id='word_1_80' title='bbox 773 1357 858 1405; x_wconf 86' lang='lat' dir='ltr'><strong>est</strong></span> <span class='ocrx_word' id='word_1_81' title='bbox 880 1351 1185 1423; x_wconf 78' lang='lat' dir='ltr'><strong>ignominia</strong></span> <span class='ocrx_word' id='word_1_82' title='bbox 1214 1370 1389 1427; x_wconf 83' lang='lat' dir='ltr'><strong>super</strong></span> <span class='ocrx_word' id='word_1_83' title='bbox 1422 1356 1659 1427; x_wconf 80' lang='lat' dir='ltr'><strong>gloriam</strong></span> <span class='ocrx_word' id='word_1_84' title='bbox 1695 1367 1870 1413; x_wconf 88' lang='lat' dir='ltr'><strong>tuam.</strong></span> <span class='ocrx_word' id='word_1_85' title='bbox 1903 1377 1923 1411; x_wconf 76' lang='grc' dir='ltr'><strong>ι</strong></span> <span class='ocrx_word' id='word_1_86' title='bbox 1948 1358 2105 1416; x_wconf 84' lang='lat' dir='ltr'><strong>Justa</strong></span> 
     </span>
    </p>
   </div>
   <div class='ocr_carea' id='block_1_15' title="bbox 530 1441 2108 1516">
    <p class='ocr_par' dir='ltr' id='par_1_15' title="bbox 530 1441 2108 1516">
     <span class='ocr_line' id='line_1_15' title="bbox 530 1441 2108 1516; baseline 0.01 -24"><span class='ocrx_word' id='word_1_87' title='bbox 530 1441 627 1495; x_wconf 72' lang='lat' dir='ltr'><strong>Dei</strong></span> <span class='ocrx_word' id='word_1_88' title='bbox 674 1442 886 1510; x_wconf 88' lang='lat' dir='ltr'><strong>punitio</strong></span> <span class='ocrx_word' id='word_1_89' title='bbox 936 1451 991 1499; x_wconf 90' lang='lat' dir='ltr'><strong>te</strong></span> <span class='ocrx_word' id='word_1_90' title='bbox 1041 1445 1421 1516; x_wconf 85' lang='lat' dir='ltr'><strong>apprehendit.</strong></span> <span class='ocrx_word' id='word_1_91' title='bbox 1475 1446 1733 1503; x_wconf 83' lang='lat' dir='ltr'><strong>Poculum</strong></span> <span class='ocrx_word' id='word_1_92' title='bbox 1764 1451 1911 1505; x_wconf 91' lang='lat' dir='ltr'><strong>enim</strong></span> <span class='ocrx_word' id='word_1_93' title='bbox 1944 1461 1999 1507; x_wconf 91' lang='lat' dir='ltr'><strong>et</strong></span> <span class='ocrx_word' id='word_1_94' title='bbox 2030 1452 2108 1506; x_wconf 78' lang='lat' dir='ltr'><strong>vi-</strong></span> 
     </span>
    </p>
   </div>
   <div class='ocr_carea' id='block_1_16' title="bbox 528 1534 2108 1615">
    <p class='ocr_par' dir='ltr' id='par_1_16' title="bbox 528 1534 2108 1615">
     <span class='ocr_line' id='line_1_16' title="bbox 528 1534 2108 1615; baseline 0.009 -30"><span class='ocrx_word' id='word_1_95' title='bbox 528 1549 655 1586; x_wconf 84' lang='lat' dir='ltr'><strong>num</strong></span> <span class='ocrx_word' id='word_1_96' title='bbox 688 1534 1035 1604; x_wconf 86' lang='lat' dir='ltr'><strong>punitionem</strong></span> <span class='ocrx_word' id='word_1_97' title='bbox 1091 1547 1273 1605; x_wconf 84' lang='lat' dir='ltr'><strong>vocat,</strong></span> <span class='ocrx_word' id='word_1_98' title='bbox 1338 1541 1850 1610; x_wconf 80' lang='lat' dir='ltr'><strong>quemadmodum‘</strong></span> <span class='ocrx_word' id='word_1_99' title='bbox 1904 1545 2108 1615; x_wconf 54' lang='lat' dir='ltr'><strong>sa‘pius</strong></span> 
     </span>
    </p>
   </div>
   <div class='ocr_carea' id='block_1_17' title="bbox 526 1621 796 1680">
    <p class='ocr_par' dir='ltr' id='par_1_17' title="bbox 526 1621 796 1680">
     <span class='ocr_line' id='line_1_17' title="bbox 526 1621 796 1680; baseline 0.022 -6"><span class='ocrx_word' id='word_1_100' title='bbox 526 1621 796 1680; x_wconf 83' lang='lat' dir='ltr'><strong>diximus.</strong></span> 
     </span>
    </p>
   </div>
   <div class='ocr_carea' id='block_1_18' title="bbox 600 1712 2102 1798">
    <p class='ocr_par' dir='ltr' id='par_1_18' title="bbox 600 1712 2102 1798">
     <span class='ocr_line' id='line_1_18' title="bbox 600 1712 2102 1798; baseline 0.013 -31"><span class='ocrx_word' id='word_1_101' title='bbox 600 1712 765 1771; x_wconf 73' lang='lat' dir='ltr'><strong>Vsus.</strong></span> <span class='ocrx_word' id='word_1_102' title='bbox 796 1714 885 1771; x_wconf 80' lang='lat' dir='ltr'><strong>l7.</strong></span> <span class='ocrx_word' id='word_1_103' title='bbox 916 1735 937 1770; x_wconf 79' lang='grc' dir='ltr'><strong>ι</strong></span> <span class='ocrx_word' id='word_1_104' title='bbox 987 1717 1128 1786; x_wconf 82' lang='lat' dir='ltr'><strong>Quia</strong></span> <span class='ocrx_word' id='word_1_105' title='bbox 1172 1721 1429 1791; x_wconf 86' lang='lat' dir='ltr'><strong>impietas</strong></span> <span class='ocrx_word' id='word_1_106' title='bbox 1505 1723 1699 1781; x_wconf 88' lang='lat' dir='ltr'><strong>Libani</strong></span> <span class='ocrx_word' id='word_1_107' title='bbox 1760 1729 1975 1798; x_wconf 86' lang='lat' dir='ltr'><strong>operiet</strong></span> <span class='ocrx_word' id='word_1_108' title='bbox 2028 1738 2102 1796; x_wconf 90' lang='lat' dir='ltr'><strong>te,</strong></span> 
     </span>
    </p>
   </div>
   <div class='ocr_carea' id='block_1_19' title="bbox 526 1805 2106 1892">
    <p class='ocr_par' dir='ltr' id='par_1_19' title="bbox 526 1805 2106 1892">
     <span class='ocr_line' id='line_1_19' title="bbox 526 1805 2106 1892; baseline 0.013 -35"><span class='ocrx_word' id='word_1_109' title='bbox 526 1814 583 1858; x_wconf 84' lang='lat' dir='ltr'><strong>et</strong></span> <span class='ocrx_word' id='word_1_110' title='bbox 616 1805 842 1861; x_wconf 88' lang='lat' dir='ltr'><strong>miseria</strong></span> <span class='ocrx_word' id='word_1_111' title='bbox 876 1807 1177 1865; x_wconf 88' lang='lat' dir='ltr'><strong>bestiarum</strong></span> <span class='ocrx_word' id='word_1_112' title='bbox 1232 1814 1466 1870; x_wconf 87' lang='lat' dir='ltr'><strong>terrebit</strong></span> <span class='ocrx_word' id='word_1_113' title='bbox 1512 1823 1585 1880; x_wconf 88' lang='lat' dir='ltr'><strong>te,</strong></span> <span class='ocrx_word' id='word_1_114' title='bbox 1618 1826 1845 1889; x_wconf 89' lang='lat' dir='ltr'><strong>propter</strong></span> <span class='ocrx_word' id='word_1_115' title='bbox 1878 1822 2106 1892; x_wconf 87' lang='lat' dir='ltr'><strong>sangui-</strong></span> 
     </span>
    </p>
   </div>
   <div class='ocr_carea' id='block_1_20' title="bbox 530 1896 2105 1981">
    <p class='ocr_par' dir='ltr' id='par_1_20' title="bbox 530 1896 2105 1981">
     <span class='ocr_line' id='line_1_20' title="bbox 530 1896 2105 1981; baseline 0.013 -33"><span class='ocrx_word' id='word_1_116' title='bbox 530 1911 651 1950; x_wconf 90' lang='lat' dir='ltr'><strong>nem</strong></span> <span class='ocrx_word' id='word_1_117' title='bbox 686 1896 993 1965; x_wconf 85' lang='lat' dir='ltr'><strong>hominum,</strong></span> <span class='ocrx_word' id='word_1_118' title='bbox 1032 1909 1088 1956; x_wconf 91' lang='lat' dir='ltr'><strong>et</strong></span> <span class='ocrx_word' id='word_1_119' title='bbox 1146 1903 1456 1975; x_wconf 88' lang='lat' dir='ltr'><strong>impietates</strong></span> <span class='ocrx_word' id='word_1_120' title='bbox 1504 1914 1687 1975; x_wconf 77' lang='lat' dir='ltr'><strong>terrae,</strong></span> <span class='ocrx_word' id='word_1_121' title='bbox 1737 1919 1796 1967; x_wconf 90' lang='lat' dir='ltr'><strong>et</strong></span> <span class='ocrx_word' id='word_1_122' title='bbox 1830 1911 2105 1981; x_wconf 80' lang='lat' dir='ltr'><strong>civitatis,</strong></span> 
     </span>
    </p>
   </div>
   <div class='ocr_carea' id='block_1_21' title="bbox 529 1989 2107 2075">
    <p class='ocr_par' dir='ltr' id='par_1_21' title="bbox 529 1989 2107 2075">
     <span class='ocr_line' id='line_1_21' title="bbox 529 1989 2107 2075; baseline 0.013 -35"><span class='ocrx_word' id='word_1_123' title='bbox 529 1996 587 2041; x_wconf 91' lang='lat' dir='ltr'><strong>et</strong></span> <span class='ocrx_word' id='word_1_124' title='bbox 616 1989 863 2045; x_wconf 90' lang='lat' dir='ltr'><strong>omnium</strong></span> <span class='ocrx_word' id='word_1_125' title='bbox 908 1991 1274 2049; x_wconf 83' lang='lat' dir='ltr'><strong>habitantium</strong></span> <span class='ocrx_word' id='word_1_126' title='bbox 1340 1997 1511 2053; x_wconf 85' lang='lat' dir='ltr'><strong>inea.</strong></span> <span class='ocrx_word' id='word_1_127' title='bbox 1558 2018 1576 2050; x_wconf 75' lang='grc' dir='ltr'><strong>ι</strong></span> <span class='ocrx_word' id='word_1_128' title='bbox 1640 2000 1864 2065; x_wconf 85' lang='lat' dir='ltr'><strong>Eorum,</strong></span> <span class='ocrx_word' id='word_1_129' title='bbox 1900 2003 2107 2075; x_wconf 89' lang='lat' dir='ltr'><strong>inquit,</strong></span> 
     </span>
    </p>
   </div>
   <div class='ocr_carea' id='block_1_22' title="bbox 529 2080 2108 2166">
    <p class='ocr_par' dir='ltr' id='par_1_22' title="bbox 529 2080 2108 2166">
     <span class='ocr_line' id='line_1_22' title="bbox 529 2080 2108 2166; baseline 0.016 -38"><span class='ocrx_word' id='word_1_130' title='bbox 529 2092 653 2145; x_wconf 79' lang='lat' dir='ltr'><strong>quae</strong></span> <span class='ocrx_word' id='word_1_131' title='bbox 674 2087 873 2134; x_wconf 87' lang='lat' dir='ltr'><strong>contra</strong></span> <span class='ocrx_word' id='word_1_132' title='bbox 916 2080 1357 2155; x_wconf 82' lang='lat' dir='ltr'><strong>Hierosolymam</strong></span> <span class='ocrx_word' id='word_1_133' title='bbox 1405 2096 1628 2157; x_wconf 87' lang='lat' dir='ltr'><strong>patrare</strong></span> <span class='ocrx_word' id='word_1_134' title='bbox 1671 2105 1844 2149; x_wconf 89' lang='lat' dir='ltr'><strong>ausus</strong></span> <span class='ocrx_word' id='word_1_135' title='bbox 1879 2109 1965 2159; x_wconf 88' lang='lat' dir='ltr'><strong>es,</strong></span> <span class='ocrx_word' id='word_1_136' title='bbox 1991 2111 2108 2166; x_wconf 70' lang='lat' dir='ltr'><strong>pm-</strong></span> 
     </span>
    </p>
   </div>
   <div class='ocr_carea' id='block_1_23' title="bbox 529 2166 2109 2251">
    <p class='ocr_par' dir='ltr' id='par_1_23' title="bbox 529 2166 2109 2251">
     <span class='ocr_line' id='line_1_23' title="bbox 529 2166 2109 2251; baseline 0.015 -33"><span class='ocrx_word' id='word_1_137' title='bbox 529 2180 633 2221; x_wconf 86' lang='lat' dir='ltr'><strong>nas</strong></span> <span class='ocrx_word' id='word_1_138' title='bbox 665 2166 824 2225; x_wconf 88' lang='lat' dir='ltr'><strong>dabis</strong></span> <span class='ocrx_word' id='word_1_139' title='bbox 849 2170 1016 2240; x_wconf 85' lang='lat' dir='ltr'><strong>(hanc</strong></span> <span class='ocrx_word' id='word_1_140' title='bbox 1050 2173 1199 2228; x_wconf 91' lang='lat' dir='ltr'><strong>enim</strong></span> <span class='ocrx_word' id='word_1_141' title='bbox 1254 2172 1520 2247; x_wconf 67' lang='lat' dir='ltr'><strong>Libanum</strong></span> <span class='ocrx_word' id='word_1_142' title='bbox 1545 2181 1809 2251; x_wconf 77' lang='lat' dir='ltr'><strong>vocavit),</strong></span> <span class='ocrx_word' id='word_1_143' title='bbox 1851 2193 1906 2239; x_wconf 89' lang='lat' dir='ltr'><strong>et</strong></span> <span class='ocrx_word' id='word_1_144' title='bbox 1958 2186 2109 2241; x_wconf 75' lang='lat' dir='ltr'><strong>velut</strong></span> 
     </span>
    </p>
   </div>
   <div class='ocr_carea' id='block_1_24' title="bbox 531 2259 2106 2339">
    <p class='ocr_par' dir='ltr' id='par_1_24' title="bbox 531 2259 2106 2339">
     <span class='ocr_line' id='line_1_24' title="bbox 531 2259 2106 2339; baseline 0.014 -29"><span class='ocrx_word' id='word_1_145' title='bbox 531 2259 665 2313; x_wconf 78' lang='lat' dir='ltr'><strong>feris</strong></span> <span class='ocrx_word' id='word_1_146' title='bbox 691 2260 1020 2330; x_wconf 87' lang='lat' dir='ltr'><strong>quibusdam</strong></span> <span class='ocrx_word' id='word_1_147' title='bbox 1070 2265 1324 2324; x_wconf 87' lang='lat' dir='ltr'><strong>hostibus</strong></span> <span class='ocrx_word' id='word_1_148' title='bbox 1359 2269 1619 2339; x_wconf 87' lang='lat' dir='ltr'><strong>traderis,</strong></span> <span class='ocrx_word' id='word_1_149' title='bbox 1652 2274 1898 2329; x_wconf 89' lang='lat' dir='ltr'><strong>omnium</strong></span> <span class='ocrx_word' id='word_1_150' title='bbox 1941 2278 2106 2333; x_wconf 87' lang='lat' dir='ltr'><strong>male-</strong></span> 
     </span>
    </p>
   </div>
   <div class='ocr_carea' id='block_1_25' title="bbox 530 2349 1622 2430">
    <p class='ocr_par' dir='ltr' id='par_1_25' title="bbox 530 2349 1622 2430">
     <span class='ocr_line' id='line_1_25' title="bbox 530 2349 1622 2430; baseline 0.017 -28"><span class='ocrx_word' id='word_1_151' title='bbox 530 2349 778 2407; x_wconf 88' lang='lat' dir='ltr'><strong>liciorum</strong></span> <span class='ocrx_word' id='word_1_152' title='bbox 807 2363 1024 2411; x_wconf 90' lang='lat' dir='ltr'><strong>tuorum</strong></span> <span class='ocrx_word' id='word_1_153' title='bbox 1061 2373 1251 2428; x_wconf 73' lang='lat' dir='ltr'><strong>poenas</strong></span> <span class='ocrx_word' id='word_1_154' title='bbox 1278 2363 1622 2430; x_wconf 84' lang='lat' dir='ltr'><strong>persolvens.</strong></span> 
     </span>
    </p>
   </div>
   <div class='ocr_carea' id='block_1_26' title="bbox 610 2443 2108 2532">
    <p class='ocr_par' dir='ltr' id='par_1_26' title="bbox 610 2443 2108 2532">
     <span class='ocr_line' id='line_1_26' title="bbox 610 2443 2108 2532; baseline 0.012 -35"><span class='ocrx_word' id='word_1_155' title='bbox 610 2443 769 2501; x_wconf 76' lang='lat' dir='ltr'><strong>Vsus.</strong></span> <span class='ocrx_word' id='word_1_156' title='bbox 792 2446 878 2501; x_wconf 76' lang='grc'><strong>18.</strong></span> <span class='ocrx_word' id='word_1_157' title='bbox 900 2467 919 2500; x_wconf 73' lang='grc' dir='ltr'><strong>ι</strong></span> <span class='ocrx_word' id='word_1_158' title='bbox 942 2448 1081 2514; x_wconf 91' lang='lat' dir='ltr'><strong>Quid</strong></span> <span class='ocrx_word' id='word_1_159' title='bbox 1096 2452 1318 2520; x_wconf 82' lang='lat' dir='ltr'><strong>prodest</strong></span> <span class='ocrx_word' id='word_1_160' title='bbox 1331 2455 1602 2526; x_wconf 87' lang='lat' dir='ltr'><strong>sculptile,</strong></span> <span class='ocrx_word' id='word_1_161' title='bbox 1620 2459 1747 2528; x_wconf 85' lang='lat' dir='ltr'><strong>quia</strong></span> <span class='ocrx_word' id='word_1_162' title='bbox 1762 2460 2108 2532; x_wconf 78' lang='lat' dir='ltr'><strong>sculpserunt</strong></span> 
     </span>
    </p>
   </div>
   <div class='ocr_carea' id='block_1_27' title="bbox 530 2533 2106 2622">
    <p class='ocr_par' dir='ltr' id='par_1_27' title="bbox 530 2533 2106 2622">
     <span class='ocr_line' id='line_1_27' title="bbox 530 2533 2106 2622; baseline 0.014 -35"><span class='ocrx_word' id='word_1_163' title='bbox 530 2533 707 2589; x_wconf 88' lang='lat' dir='ltr'><strong>illud?</strong></span> <span class='ocrx_word' id='word_1_164' title='bbox 736 2535 1134 2597; x_wconf 78' lang='lat' dir='ltr'><strong>Formaverunt</strong></span> <span class='ocrx_word' id='word_1_165' title='bbox 1166 2544 1302 2599; x_wconf 87' lang='lat' dir='ltr'><strong>illud</strong></span> <span class='ocrx_word' id='word_1_166' title='bbox 1332 2546 1630 2614; x_wconf 83' lang='lat' dir='ltr'><strong>conﬂatile,</strong></span> <span class='ocrx_word' id='word_1_167' title='bbox 1659 2549 2106 2622; x_wconf 77' lang='lat' dir='ltr'><strong>imaginationem</strong></span> 
     </span>
    </p>
   </div>
   <div class='ocr_carea' id='block_1_28' title="bbox 531 2622 2109 2706">
    <p class='ocr_par' dir='ltr' id='par_1_28' title="bbox 531 2622 2109 2706">
     <span class='ocr_line' id='line_1_28' title="bbox 531 2622 2109 2706; baseline 0.011 -29"><span class='ocrx_word' id='word_1_168' title='bbox 531 2622 747 2691; x_wconf 78' lang='lat' dir='ltr'><strong>falsam,</strong></span> <span class='ocrx_word' id='word_1_169' title='bbox 765 2627 897 2697; x_wconf 88' lang='lat' dir='ltr'><strong>quia</strong></span> <span class='ocrx_word' id='word_1_170' title='bbox 922 2631 1151 2685; x_wconf 85' lang='lat' dir='ltr'><strong>conlidit</strong></span> <span class='ocrx_word' id='word_1_171' title='bbox 1174 2634 1331 2689; x_wconf 86' lang='lat' dir='ltr'><strong>lictor</strong></span> <span class='ocrx_word' id='word_1_172' title='bbox 1357 2634 1413 2689; x_wconf 86' lang='lat' dir='ltr'><strong>in</strong></span> <span class='ocrx_word' id='word_1_173' title='bbox 1442 2636 1699 2706; x_wconf 83' lang='lat' dir='ltr'><strong>ﬁgmento</strong></span> <span class='ocrx_word' id='word_1_174' title='bbox 1727 2655 1851 2705; x_wconf 89' lang='lat' dir='ltr'><strong>suo,</strong></span> <span class='ocrx_word' id='word_1_175' title='bbox 1869 2640 2109 2697; x_wconf 83' lang='lat' dir='ltr'><strong>utfaeiat</strong></span> 
     </span>
    </p>
   </div>
   <div class='ocr_carea' id='block_1_29' title="bbox 529 2713 2105 2801">
    <p class='ocr_par' dir='ltr' id='par_1_29' title="bbox 529 2713 2105 2801">
     <span class='ocr_line' id='line_1_29' title="bbox 529 2713 2105 2801; baseline 0.011 -34"><span class='ocrx_word' id='word_1_176' title='bbox 529 2713 680 2770; x_wconf 85' lang='lat' dir='ltr'><strong>idola</strong></span> <span class='ocrx_word' id='word_1_177' title='bbox 709 2727 883 2772; x_wconf 89' lang='lat' dir='ltr'><strong>muta.</strong></span> <span class='ocrx_word' id='word_1_178' title='bbox 919 2739 938 2772; x_wconf 71' lang='grc' dir='ltr'><strong>ι</strong></span> <span class='ocrx_word' id='word_1_179' title='bbox 983 2719 1129 2788; x_wconf 85' lang='lat' dir='ltr'><strong>Quid</strong></span> <span class='ocrx_word' id='word_1_180' title='bbox 1161 2723 1482 2782; x_wconf 90' lang='lat' dir='ltr'><strong>dementius</strong></span> <span class='ocrx_word' id='word_1_181' title='bbox 1516 2742 1643 2783; x_wconf 87' lang='lat' dir='ltr'><strong>esse</strong></span> <span class='ocrx_word' id='word_1_182' title='bbox 1664 2736 1844 2798; x_wconf 82' lang='lat' dir='ltr'><strong>potest</strong></span> <span class='ocrx_word' id='word_1_183' title='bbox 1876 2731 1985 2796; x_wconf 87' lang='lat' dir='ltr'><strong>his,</strong></span> <span class='ocrx_word' id='word_1_184' title='bbox 2009 2731 2105 2801; x_wconf 88' lang='lat' dir='ltr'><strong>qui</strong></span> 
     </span>
    </p>
   </div>
   <div class='ocr_carea' id='block_1_30' title="bbox 532 2804 2107 2884">
    <p class='ocr_par' dir='ltr' id='par_1_30' title="bbox 532 2804 2107 2884">
     <span class='ocr_line' id='line_1_30' title="bbox 532 2804 2107 2884; baseline 0.01 -25"><span class='ocrx_word' id='word_1_185' title='bbox 532 2804 677 2861; x_wconf 89' lang='lat' dir='ltr'><strong>idola</strong></span> <span class='ocrx_word' id='word_1_186' title='bbox 705 2811 1021 2866; x_wconf 82' lang='lat' dir='ltr'><strong>manufaeta</strong></span> <span class='ocrx_word' id='word_1_187' title='bbox 1071 2814 1344 2871; x_wconf 82' lang='lat' dir='ltr'><strong>adorant?</strong></span> <span class='ocrx_word' id='word_1_188' title='bbox 1381 2818 1482 2884; x_wconf 87' lang='lat' dir='ltr'><strong>Qui</strong></span> <span class='ocrx_word' id='word_1_189' title='bbox 1527 2832 1653 2872; x_wconf 88' lang='lat' dir='ltr'><strong>cum</strong></span> <span class='ocrx_word' id='word_1_190' title='bbox 1704 2820 1992 2876; x_wconf 87' lang='lat' dir='ltr'><strong>materiam</strong></span> <span class='ocrx_word' id='word_1_191' title='bbox 2051 2830 2107 2877; x_wconf 92' lang='lat' dir='ltr'><strong>et</strong></span> 
     </span>
    </p>
   </div>
   <div class='ocr_carea' id='block_1_31' title="bbox 532 2898 2109 2985">
    <p class='ocr_par' dir='ltr' id='par_1_31' title="bbox 532 2898 2109 2985">
     <span class='ocr_line' id='line_1_31' title="bbox 532 2898 2109 2985; baseline 0.012 -34"><span class='ocrx_word' id='word_1_192' title='bbox 532 2898 832 2955; x_wconf 79' lang='lat' dir='ltr'><strong>artiﬁcium</strong></span> <span class='ocrx_word' id='word_1_193' title='bbox 892 2904 1071 2959; x_wconf 91' lang='lat' dir='ltr'><strong>oculis</strong></span> <span class='ocrx_word' id='word_1_194' title='bbox 1125 2905 1369 2974; x_wconf 71' lang='lat' dir='ltr'><strong>videant,</strong></span> <span class='ocrx_word' id='word_1_195' title='bbox 1410 2915 1674 2980; x_wconf 88' lang='lat' dir='ltr'><strong>tanquam</strong></span> <span class='ocrx_word' id='word_1_196' title='bbox 1726 2911 1833 2968; x_wconf 87' lang='lat' dir='ltr'><strong>diis</strong></span> <span class='ocrx_word' id='word_1_197' title='bbox 1887 2913 2109 2985; x_wconf 88' lang='lat' dir='ltr'><strong>stupide</strong></span> 
     </span>
    </p>
   </div>
   <div class='ocr_carea' id='block_1_32' title="bbox 531 2989 1340 3052">
    <p class='ocr_par' dir='ltr' id='par_1_32' title="bbox 531 2989 1340 3052">
     <span class='ocr_line' id='line_1_32' title="bbox 531 2989 1340 3052; baseline 0.015 -12"><span class='ocrx_word' id='word_1_198' title='bbox 531 2989 744 3044; x_wconf 72' lang='lat' dir='ltr'><strong>cultum</strong></span> <span class='ocrx_word' id='word_1_199' title='bbox 777 2992 1023 3048; x_wconf 85' lang='lat' dir='ltr'><strong>divinum</strong></span> <span class='ocrx_word' id='word_1_200' title='bbox 1053 2996 1340 3052; x_wconf 86' lang='lat' dir='ltr'><strong>adhibent.</strong></span> 
     </span>
    </p>
   </div>
   <div class='ocr_carea' id='block_1_33' title="bbox 2211 539 3693 620">
    <p class='ocr_par' dir='ltr' id='par_1_33' title="bbox 2211 539 3693 620">
     <span class='ocr_line' id='line_1_33' title="bbox 2211 539 3693 620; baseline 0.001 -22"><span class='ocrx_word' id='word_1_201' title='bbox 2211 545 2453 615; x_wconf 81' lang='grc' dir='ltr'>σπήλαια</span> <span class='ocrx_word' id='word_1_202' title='bbox 2499 543 2700 598; x_wconf 85' lang='grc' dir='ltr'>αὐτῶν.</span> <span class='ocrx_word' id='word_1_203' title='bbox 2749 540 2859 594; x_wconf 73' lang='grc' dir='ltr'><strong>Καὶ</strong></span> <span class='ocrx_word' id='word_1_204' title='bbox 2900 539 3216 612; x_wconf 79' lang='grc' dir='ltr'>πλησμονὴν</span> <span class='ocrx_word' id='word_1_205' title='bbox 3246 540 3451 612; x_wconf 84' lang='grc' dir='ltr'>ἀτιμίας</span> <span class='ocrx_word' id='word_1_206' title='bbox 3479 545 3533 597; x_wconf 80' lang='grc' dir='ltr'>ἐκ</span> <span class='ocrx_word' id='word_1_207' title='bbox 3561 545 3693 620; x_wconf 75' lang='grc' dir='ltr'>δόξης,</span> 
     </span>
    </p>
   </div>
   <div class='ocr_carea' id='block_1_34' title="bbox 2209 630 3690 708">
    <p class='ocr_par' dir='ltr' id='par_1_34' title="bbox 2209 630 3690 708">
     <span class='ocr_line' id='line_1_34' title="bbox 2209 630 3690 708; baseline 0.002 -19"><span class='ocrx_word' id='word_1_208' title='bbox 2209 637 2307 689; x_wconf 72' lang='lat' dir='ltr'><strong>[Its</strong></span> <span class='ocrx_word' id='word_1_209' title='bbox 2362 636 2461 690; x_wconf 78' lang='grc' dir='ltr'>καὶ</span> <span class='ocrx_word' id='word_1_210' title='bbox 2518 636 2581 690; x_wconf 81' lang='grc' dir='ltr'>σὺ</span> <span class='ocrx_word' id='word_1_211' title='bbox 2608 677 2621 701; x_wconf 92' lang='grc'><strong>,</strong></span> <span class='ocrx_word' id='word_1_212' title='bbox 2677 636 2771 689; x_wconf 71' lang='grc' dir='ltr'>καὶ</span> <span class='ocrx_word' id='word_1_213' title='bbox 2826 630 3392 703; x_wconf 71' lang='grc' dir='ltr'>διασαλεύθητι⁸,καὶ</span> <span class='ocrx_word' id='word_1_214' title='bbox 3442 636 3690 708; x_wconf 75' lang='grc' dir='ltr'>σείσθητι.»</span> 
     </span>
    </p>
   </div>
   <div class='ocr_carea' id='block_1_35' title="bbox 2221 722 3696 801">
    <p class='ocr_par' dir='ltr' id='par_1_35' title="bbox 2221 722 3696 801">
     <span class='ocr_line' id='line_1_35' title="bbox 2221 722 3696 801; baseline 0.002 -20"><span class='ocrx_word' id='word_1_215' title='bbox 2221 727 2440 799; x_wconf 83' lang='grc' dir='ltr'><strong>Ἐπειδὴ</strong></span> <span class='ocrx_word' id='word_1_216' title='bbox 2487 727 2596 801; x_wconf 83' lang='grc' dir='ltr'><strong>γὰρ</strong></span> <span class='ocrx_word' id='word_1_217' title='bbox 2640 722 2753 782; x_wconf 76' lang='grc' dir='ltr'>οἷόν</span> <span class='ocrx_word' id='word_1_218' title='bbox 2776 743 2829 782; x_wconf 90' lang='grc' dir='ltr'><strong>τι</strong></span> <span class='ocrx_word' id='word_1_219' title='bbox 2875 725 3103 789; x_wconf 83' lang='grc' dir='ltr'>θολῶδες</span> <span class='ocrx_word' id='word_1_220' title='bbox 3148 725 3293 796; x_wconf 82' lang='grc' dir='ltr'><strong>πόμα</strong></span> <span class='ocrx_word' id='word_1_221' title='bbox 3346 724 3435 797; x_wconf 82' lang='grc' dir='ltr'>τὴν</span> <span class='ocrx_word' id='word_1_222' title='bbox 3487 730 3696 799; x_wconf 75' lang='grc' dir='ltr'><strong>τιμωρίαν</strong></span> 
     </span>
    </p>
   </div>
   <div class='ocr_carea' id='block_1_36' title="bbox 2206 817 3695 892">
    <p class='ocr_par' dir='ltr' id='par_1_36' title="bbox 2206 817 3695 892">
     <span class='ocr_line' id='line_1_36' title="bbox 2206 817 3695 892; baseline 0.001 -19"><span class='ocrx_word' id='word_1_223' title='bbox 2206 821 2318 883; x_wconf 79' lang='grc' dir='ltr'>τοῖς</span> <span class='ocrx_word' id='word_1_224' title='bbox 2362 819 2542 883; x_wconf 75' lang='grc' dir='ltr'>ἄλλοις</span> <span class='ocrx_word' id='word_1_225' title='bbox 2571 820 2858 892; x_wconf 78' lang='grc' dir='ltr'>ἐπέφερες,</span> <span class='ocrx_word' id='word_1_226' title='bbox 2903 819 3033 880; x_wconf 76' lang='grc' dir='ltr'>τοὺς</span> <span class='ocrx_word' id='word_1_227' title='bbox 3072 817 3558 889; x_wconf 77' lang='grc' dir='ltr'><strong>κατορωρυγμένους</strong></span> <span class='ocrx_word' id='word_1_228' title='bbox 3601 822 3695 875; x_wconf 80' lang='grc' dir='ltr'>ἀναο</span> 
     </span>
    </p>
   </div>
   <div class='ocr_carea' id='block_1_37' title="bbox 2210 906 3694 982">
    <p class='ocr_par' dir='ltr' id='par_1_37' title="bbox 2210 906 3694 982">
     <span class='ocr_line' id='line_1_37' title="bbox 2210 906 3694 982; baseline 0.001 -20"><span class='ocrx_word' id='word_1_229' title='bbox 2210 908 2388 982; x_wconf 73' lang='grc' dir='ltr'>ζητῶν</span> <span class='ocrx_word' id='word_1_230' title='bbox 2430 910 2757 981; x_wconf 80' lang='grc' dir='ltr'>θησαυροὺς,</span> <span class='ocrx_word' id='word_1_231' title='bbox 2803 908 2955 976; x_wconf 82' lang='grc' dir='ltr'>δέξαι</span> <span class='ocrx_word' id='word_1_232' title='bbox 3023 906 3119 962; x_wconf 78' lang='grc' dir='ltr'>καὶ</span> <span class='ocrx_word' id='word_1_233' title='bbox 3147 907 3212 961; x_wconf 77' lang='grc' dir='ltr'>σὺ</span> <span class='ocrx_word' id='word_1_234' title='bbox 3241 906 3269 961; x_wconf 80' lang='grc' dir='ltr'><strong>ὃ</strong></span> <span class='ocrx_word' id='word_1_235' title='bbox 3297 908 3537 979; x_wconf 77' lang='grc' dir='ltr'>ὲκέρασας</span> <span class='ocrx_word' id='word_1_236' title='bbox 3568 910 3694 982; x_wconf 74' lang='grc' dir='ltr'>πόμα,</span> 
     </span>
    </p>
   </div>
   <div class='ocr_carea' id='block_1_38' title="bbox 2206 998 3697 1074">
    <p class='ocr_par' dir='ltr' id='par_1_38' title="bbox 2206 998 3697 1074">
     <span class='ocr_line' id='line_1_38' title="bbox 2206 998 3697 1074; baseline -0.001 -19"><span class='ocrx_word' id='word_1_237' title='bbox 2206 1003 2302 1055; x_wconf 77' lang='grc' dir='ltr'>καὶ</span> <span class='ocrx_word' id='word_1_238' title='bbox 2327 1000 2468 1055; x_wconf 86' lang='grc' dir='ltr'>πιὼν</span> <span class='ocrx_word' id='word_1_239' title='bbox 2497 1000 2704 1056; x_wconf 79' lang='grc' dir='ltr'><strong>ἀπόθου</strong></span> <span class='ocrx_word' id='word_1_240' title='bbox 2729 1002 2827 1073; x_wconf 84' lang='grc' dir='ltr'>μὲν</span> <span class='ocrx_word' id='word_1_241' title='bbox 2854 1001 2956 1074; x_wconf 82' lang='grc' dir='ltr'>τὴν</span> <span class='ocrx_word' id='word_1_242' title='bbox 2977 998 3249 1072; x_wconf 82' lang='grc' dir='ltr'>προτέραν</span> <span class='ocrx_word' id='word_1_243' title='bbox 3284 998 3527 1063; x_wconf 79' lang='grc' dir='ltr'>εὔκλειαν,</span> <span class='ocrx_word' id='word_1_244' title='bbox 3552 1001 3697 1073; x_wconf 71' lang='grc' dir='ltr'>ἀτιμίᾳ</span> 
     </span>
    </p>
   </div>
   <div class='ocr_carea' id='block_1_39' title="bbox 2205 1087 3691 1164">
    <p class='ocr_par' dir='ltr' id='par_1_39' title="bbox 2205 1087 3691 1164">
     <span class='ocr_line' id='line_1_39' title="bbox 2205 1087 3691 1164; baseline 0 -18"><span class='ocrx_word' id='word_1_245' title='bbox 2205 1091 2261 1146; x_wconf 81' lang='grc' dir='ltr'>δὲ</span> <span class='ocrx_word' id='word_1_246' title='bbox 2320 1092 2668 1163; x_wconf 75' lang='grc' dir='ltr'>περιϐληθεὶς</span> <span class='ocrx_word' id='word_1_247' title='bbox 2714 1090 2981 1164; x_wconf 86' lang='grc' dir='ltr'>ὀλοφύρου</span> <span class='ocrx_word' id='word_1_248' title='bbox 3028 1089 3128 1161; x_wconf 81' lang='grc' dir='ltr'>τὴν</span> <span class='ocrx_word' id='word_1_249' title='bbox 3179 1087 3375 1161; x_wconf 75' lang='grc' dir='ltr'>ἀθρόαν</span> <span class='ocrx_word' id='word_1_250' title='bbox 3439 1091 3691 1163; x_wconf 73' lang='grc' dir='ltr'>μεταϐολήν.</span> 
     </span>
    </p>
   </div>
   <div class='ocr_carea' id='block_1_40' title="bbox 2213 1180 3695 1255">
    <p class='ocr_par' dir='ltr' id='par_1_40' title="bbox 2213 1180 3695 1255">
     <span class='ocr_line' id='line_1_40' title="bbox 2213 1180 3695 1255; baseline 0.001 -20"><span class='ocrx_word' id='word_1_251' title='bbox 2213 1201 2231 1234; x_wconf 78' lang='grc' dir='ltr'><strong>ι</strong></span> <span class='ocrx_word' id='word_1_252' title='bbox 2274 1182 2619 1237; x_wconf 82' lang='grc' dir='ltr'>Ἐκύκλωσεν</span> <span class='ocrx_word' id='word_1_253' title='bbox 2656 1183 2751 1237; x_wconf 75' lang='grc' dir='ltr'><strong>ἐπὶ</strong></span> <span class='ocrx_word' id='word_1_254' title='bbox 2793 1185 2854 1237; x_wconf 85' lang='grc' dir='ltr'>σὲ</span> <span class='ocrx_word' id='word_1_255' title='bbox 2893 1184 3154 1255; x_wconf 82' lang='grc' dir='ltr'>ποτήριον</span> <span class='ocrx_word' id='word_1_256' title='bbox 3182 1180 3355 1247; x_wconf 80' lang='grc' dir='ltr'>δεξιᾶς</span> <span class='ocrx_word' id='word_1_257' title='bbox 3380 1183 3577 1253; x_wconf 77' lang='grc' dir='ltr'>Κυρίου,</span> <span class='ocrx_word' id='word_1_258' title='bbox 3604 1187 3695 1237; x_wconf 73' lang='grc' dir='ltr'>καὶ¹</span> 
     </span>
    </p>
   </div>
   <div class='ocr_carea' id='block_1_41' title="bbox 2210 1273 3697 1353">
    <p class='ocr_par' dir='ltr' id='par_1_41' title="bbox 2210 1273 3697 1353">
     <span class='ocr_line' id='line_1_41' title="bbox 2210 1273 3697 1353; baseline 0 -24"><span class='ocrx_word' id='word_1_259' title='bbox 2210 1276 2449 1347; x_wconf 83' lang='grc' dir='ltr'><strong>συνήχθη</strong></span> <span class='ocrx_word' id='word_1_260' title='bbox 2476 1275 2670 1353; x_wconf 82' lang='grc' dir='ltr'>ἀτιμία</span> <span class='ocrx_word' id='word_1_261' title='bbox 2694 1276 2789 1329; x_wconf 76' lang='grc' dir='ltr'><strong>ἐπὶ</strong></span> <span class='ocrx_word' id='word_1_262' title='bbox 2821 1275 2919 1347; x_wconf 82' lang='grc' dir='ltr'>τὴν</span> <span class='ocrx_word' id='word_1_263' title='bbox 2950 1274 3108 1340; x_wconf 80' lang='grc' dir='ltr'>δόξαν</span> <span class='ocrx_word' id='word_1_264' title='bbox 3150 1291 3266 1328; x_wconf 89' lang='grc' dir='ltr'>σου.</span> <span class='ocrx_word' id='word_1_265' title='bbox 3291 1292 3310 1326; x_wconf 73' lang='grc' dir='ltr'><strong>ι</strong></span> <span class='ocrx_word' id='word_1_266' title='bbox 3344 1273 3558 1343; x_wconf 79' lang='grc' dir='ltr'>Ἐφθασέ</span> <span class='ocrx_word' id='word_1_267' title='bbox 3581 1291 3626 1328; x_wconf 79' lang='grc' dir='ltr'><strong>οε</strong></span> <span class='ocrx_word' id='word_1_268' title='bbox 3643 1277 3697 1329; x_wconf 80' lang='grc' dir='ltr'>δι-</span> 
     </span>
    </p>
   </div>
   <div class='ocr_carea' id='block_1_42' title="bbox 2207 1366 3699 1440">
    <p class='ocr_par' dir='ltr' id='par_1_42' title="bbox 2207 1366 3699 1440">
     <span class='ocr_line' id='line_1_42' title="bbox 2207 1366 3699 1440; baseline -0.002 -18"><span class='ocrx_word' id='word_1_269' title='bbox 2207 1367 2339 1440; x_wconf 80' lang='grc' dir='ltr'>καία</span> <span class='ocrx_word' id='word_1_270' title='bbox 2381 1367 2533 1440; x_wconf 88' lang='grc' dir='ltr'>ποιρά</span> <span class='ocrx_word' id='word_1_271' title='bbox 2573 1367 2668 1421; x_wconf 79' lang='grc' dir='ltr'>τοῦ</span> <span class='ocrx_word' id='word_1_272' title='bbox 2707 1366 2843 1422; x_wconf 81' lang='grc' dir='ltr'>Θεοῦ</span> <span class='ocrx_word' id='word_1_273' title='bbox 2879 1367 3143 1439; x_wconf 84' lang='grc' dir='ltr'>τιμωρία.</span> <span class='ocrx_word' id='word_1_274' title='bbox 3195 1366 3475 1435; x_wconf 72' lang='grc' dir='ltr'>Ποτήριον</span> <span class='ocrx_word' id='word_1_275' title='bbox 3506 1366 3598 1438; x_wconf 79' lang='grc' dir='ltr'>γὰρ</span> <span class='ocrx_word' id='word_1_276' title='bbox 3632 1369 3699 1419; x_wconf 67' lang='grc' dir='ltr'>καὶ</span> 
     </span>
    </p>
   </div>
   <div class='ocr_carea' id='block_1_43' title="bbox 2208 1438 3699 1533">
    <p class='ocr_par' dir='ltr' id='par_1_43' title="bbox 2208 1438 3699 1533">
     <span class='ocr_line' id='line_1_43' title="bbox 2208 1438 3699 1533; baseline -0.003 -18"><span class='ocrx_word' id='word_1_277' title='bbox 2208 1438 2378 1516; x_wconf 68' lang='grc' dir='ltr'><em>δῖνον</em></span> <span class='ocrx_word' id='word_1_278' title='bbox 2423 1438 2522 1533; x_wconf 68' lang='grc' dir='ltr'><strong>την</strong></span> <span class='ocrx_word' id='word_1_279' title='bbox 2574 1460 2846 1533; x_wconf 74' lang='grc' dir='ltr'>τιμωρίαν</span> <span class='ocrx_word' id='word_1_280' title='bbox 2896 1438 3074 1527; x_wconf 70' lang='grc' dir='ltr'>καλεῖ,</span> <span class='ocrx_word' id='word_1_281' title='bbox 3130 1458 3273 1514; x_wconf 86' lang='grc' dir='ltr'><strong>καθά</strong></span> <span class='ocrx_word' id='word_1_282' title='bbox 3313 1458 3548 1523; x_wconf 76' lang='grc' dir='ltr'><strong>πολλάκις</strong></span> <span class='ocrx_word' id='word_1_283' title='bbox 3590 1461 3699 1530; x_wconf 66' lang='lat' dir='ltr'><strong>ripi—</strong></span> 
     </span>
    </p>
   </div>
   <div class='ocr_carea' id='block_1_44' title="bbox 2210 1569 2406 1623">
    <p class='ocr_par' dir='ltr' id='par_1_44' title="bbox 2210 1569 2406 1623">
     <span class='ocr_line' id='line_1_44' title="bbox 2210 1569 2406 1623; baseline 0.005 -16"><span class='ocrx_word' id='word_1_284' title='bbox 2210 1569 2406 1623; x_wconf 87' lang='grc' dir='ltr'>καμεν.</span> 
     </span>
    </p>
   </div>
   <div class='ocr_carea' id='block_1_45' title="bbox 2285 1731 3700 1802">
    <p class='ocr_par' dir='ltr' id='par_1_45' title="bbox 2285 1731 3700 1802">
     <span class='ocr_line' id='line_1_45' title="bbox 2285 1731 3700 1802; baseline -0.006 -10"><span class='ocrx_word' id='word_1_285' title='bbox 2285 1735 2426 1802; x_wconf 68' lang='grc' dir='ltr'><strong>ιζ’.ι(</strong></span> <span class='ocrx_word' id='word_1_286' title='bbox 2457 1735 2604 1790; x_wconf 83' lang='grc' dir='ltr'>Διότι</span> <span class='ocrx_word' id='word_1_287' title='bbox 2633 1734 2856 1790; x_wconf 79' lang='grc' dir='ltr'>ἀσέϐεια</span> <span class='ocrx_word' id='word_1_288' title='bbox 2889 1732 2984 1787; x_wconf 83' lang='grc' dir='ltr'><strong>τοῦ</strong></span> <span class='ocrx_word' id='word_1_289' title='bbox 3031 1733 3267 1788; x_wconf 83' lang='grc' dir='ltr'>Λιϐάνου</span> <span class='ocrx_word' id='word_1_290' title='bbox 3310 1731 3520 1801; x_wconf 81' lang='grc' dir='ltr'>καλύψει</span> <span class='ocrx_word' id='word_1_291' title='bbox 3546 1749 3611 1795; x_wconf 83' lang='grc' dir='ltr'>σε.</span> <span class='ocrx_word' id='word_1_292' title='bbox 3633 1734 3700 1786; x_wconf 76' lang='grc' dir='ltr'>καὶ</span> 
     </span>
    </p>
   </div>
   <div class='ocr_carea' id='block_1_46' title="bbox 2209 1817 3701 1898">
    <p class='ocr_par' dir='ltr' id='par_1_46' title="bbox 2209 1817 3701 1898">
     <span class='ocr_line' id='line_1_46' title="bbox 2209 1817 3701 1898; baseline -0.006 -15"><span class='ocrx_word' id='word_1_293' title='bbox 2209 1826 2553 1898; x_wconf 74' lang='grc' dir='ltr'>ταλαιπωρία</span> <span class='ocrx_word' id='word_1_294' title='bbox 2600 1823 2806 1896; x_wconf 88' lang='grc' dir='ltr'>θηρίων</span> <span class='ocrx_word' id='word_1_295' title='bbox 2857 1823 3086 1893; x_wconf 84' lang='grc' dir='ltr'><strong>πτοήσει</strong></span> <span class='ocrx_word' id='word_1_296' title='bbox 3133 1838 3217 1886; x_wconf 86' lang='grc' dir='ltr'><strong>σε,</strong></span> <span class='ocrx_word' id='word_1_297' title='bbox 3243 1821 3309 1875; x_wconf 88' lang='grc' dir='ltr'><strong>δι’</strong></span> <span class='ocrx_word' id='word_1_298' title='bbox 3340 1821 3527 1891; x_wconf 77' lang='grc' dir='ltr'>αἵματα</span> <span class='ocrx_word' id='word_1_299' title='bbox 3549 1817 3701 1891; x_wconf 79' lang='grc' dir='ltr'>ἀνθρὼ-</span> 
     </span>
    </p>
   </div>
   <div class='ocr_carea' id='block_1_47' title="bbox 2212 1911 3701 1986">
    <p class='ocr_par' dir='ltr' id='par_1_47' title="bbox 2212 1911 3701 1986">
     <span class='ocr_line' id='line_1_47' title="bbox 2212 1911 3701 1986; baseline -0.005 -10"><span class='ocrx_word' id='word_1_300' title='bbox 2212 1938 2351 1985; x_wconf 81' lang='grc' dir='ltr'>πων,</span> <span class='ocrx_word' id='word_1_301' title='bbox 2387 1919 2484 1974; x_wconf 77' lang='grc' dir='ltr'>καὶ</span> <span class='ocrx_word' id='word_1_302' title='bbox 2531 1915 2790 1979; x_wconf 87' lang='grc' dir='ltr'>ἀσεϐείας</span> <span class='ocrx_word' id='word_1_303' title='bbox 2834 1918 2959 1986; x_wconf 85' lang='grc' dir='ltr'>γῆς,</span> <span class='ocrx_word' id='word_1_304' title='bbox 3002 1914 3096 1968; x_wconf 75' lang='grc' dir='ltr'>καὶ</span> <span class='ocrx_word' id='word_1_305' title='bbox 3138 1913 3366 1978; x_wconf 87' lang='grc' dir='ltr'>πόλεως,</span> <span class='ocrx_word' id='word_1_306' title='bbox 3410 1911 3498 1966; x_wconf 71' lang='grc' dir='ltr'>καὶ</span> <span class='ocrx_word' id='word_1_307' title='bbox 3534 1914 3701 1968; x_wconf 78' lang='grc' dir='ltr'>πάντων</span> 
     </span>
    </p>
   </div>
   <div class='ocr_carea' id='block_1_48' title="bbox 2207 2002 3702 2078">
    <p class='ocr_par' dir='ltr' id='par_1_48' title="bbox 2207 2002 3702 2078">
     <span class='ocr_line' id='line_1_48' title="bbox 2207 2002 3702 2078; baseline -0.008 -11"><span class='ocrx_word' id='word_1_308' title='bbox 2207 2013 2319 2067; x_wconf 84' lang='grc' dir='ltr'><strong>τῶν</strong></span> <span class='ocrx_word' id='word_1_309' title='bbox 2372 2008 2772 2065; x_wconf 77' lang='grc' dir='ltr'>κατοικούντων</span> <span class='ocrx_word' id='word_1_310' title='bbox 2815 2006 2986 2078; x_wconf 82' lang='grc' dir='ltr'>αὐτήν</span> <span class='ocrx_word' id='word_1_311' title='bbox 3003 2006 3046 2060; x_wconf 80' lang='grc'>⁸.</span> <span class='ocrx_word' id='word_1_312' title='bbox 3076 2024 3095 2058; x_wconf 81' lang='grc' dir='ltr'><strong>ι</strong></span> <span class='ocrx_word' id='word_1_313' title='bbox 3135 2004 3351 2070; x_wconf 75' lang='grc' dir='ltr'>Τίσεις,</span> <span class='ocrx_word' id='word_1_314' title='bbox 3394 2005 3531 2073; x_wconf 79' lang='grc' dir='ltr'>φησὶ,</span> <span class='ocrx_word' id='word_1_315' title='bbox 3563 2002 3702 2072; x_wconf 74' lang='grc' dir='ltr'>ποινήν</span> 
     </span>
    </p>
   </div>
   <div class='ocr_carea' id='block_1_49' title="bbox 2207 2094 3702 2169">
    <p class='ocr_par' dir='ltr' id='par_1_49' title="bbox 2207 2094 3702 2169">
     <span class='ocr_line' id='line_1_49' title="bbox 2207 2094 3702 2169; baseline -0.007 -12"><span class='ocrx_word' id='word_1_316' title='bbox 2207 2096 2285 2157; x_wconf 82' lang='grc' dir='ltr'>ὧν</span> <span class='ocrx_word' id='word_1_317' title='bbox 2344 2098 2486 2155; x_wconf 81' lang='grc' dir='ltr'><strong>κατά</strong></span> <span class='ocrx_word' id='word_1_318' title='bbox 2541 2098 2639 2169; x_wconf 84' lang='grc' dir='ltr'>τῆς</span> <span class='ocrx_word' id='word_1_319' title='bbox 2681 2095 3037 2168; x_wconf 70' lang='grc' dir='ltr'>Ἰερουσαλὴμ</span> <span class='ocrx_word' id='word_1_320' title='bbox 3089 2095 3425 2167; x_wconf 80' lang='grc' dir='ltr'>τετόλμηκας</span> <span class='ocrx_word' id='word_1_321' title='bbox 3459 2112 3472 2126; x_wconf 80' lang='grc'><em>’</em></span> <span class='ocrx_word' id='word_1_322' title='bbox 3507 2094 3702 2149; x_wconf 66' lang='grc' dir='ltr'>Λίϐανον·</span> 
     </span>
    </p>
   </div>
   <div class='ocr_carea' id='block_1_50' title="bbox 2207 2172 3703 2264">
    <p class='ocr_par' dir='ltr' id='par_1_50' title="bbox 2207 2172 3703 2264">
     <span class='ocr_line' id='line_1_50' title="bbox 2207 2172 3703 2264; baseline -0.01 -12"><span class='ocrx_word' id='word_1_323' title='bbox 2207 2193 2316 2264; x_wconf 84' lang='grc' dir='ltr'>γὰρ</span> <span class='ocrx_word' id='word_1_324' title='bbox 2372 2190 2578 2261; x_wconf 84' lang='grc' dir='ltr'>ταύτην</span> <span class='ocrx_word' id='word_1_325' title='bbox 2625 2188 2906 2259; x_wconf 80' lang='grc' dir='ltr'>ὠνόμασε·</span> <span class='ocrx_word' id='word_1_326' title='bbox 2936 2188 3033 2241; x_wconf 74' lang='grc' dir='ltr'>καὶ</span> <span class='ocrx_word' id='word_1_327' title='bbox 3087 2183 3204 2242; x_wconf 76' lang='grc' dir='ltr'>οἷόν</span> <span class='ocrx_word' id='word_1_328' title='bbox 3256 2204 3368 2241; x_wconf 90' lang='grc' dir='ltr'>τισι</span> <span class='ocrx_word' id='word_1_329' title='bbox 3401 2172 3583 2259; x_wconf 79' lang='grc' dir='ltr'>θηρίοις</span> <span class='ocrx_word' id='word_1_330' title='bbox 3625 2187 3703 2247; x_wconf 57' lang='lat' dir='ltr'><strong>uti;</strong></span> 
     </span>
    </p>
   </div>
   <div class='ocr_carea' id='block_1_51' title="bbox 2207 2276 3703 2356">
    <p class='ocr_par' dir='ltr' id='par_1_51' title="bbox 2207 2276 3703 2356">
     <span class='ocr_line' id='line_1_51' title="bbox 2207 2276 3703 2356; baseline -0.007 -18"><span class='ocrx_word' id='word_1_331' title='bbox 2207 2284 2486 2356; x_wconf 85' lang='grc' dir='ltr'>πολεμίοις</span> <span class='ocrx_word' id='word_1_332' title='bbox 2523 2279 2894 2351; x_wconf 78' lang='grc' dir='ltr'>παραδοθήσῃ,</span> <span class='ocrx_word' id='word_1_333' title='bbox 2930 2278 3040 2333; x_wconf 85' lang='grc' dir='ltr'><strong>τῶν</strong></span> <span class='ocrx_word' id='word_1_334' title='bbox 3069 2278 3421 2334; x_wconf 82' lang='grc' dir='ltr'>παντοδαπῶν</span> <span class='ocrx_word' id='word_1_335' title='bbox 3452 2294 3532 2331; x_wconf 82' lang='grc' dir='ltr'><strong>σου</strong></span> <span class='ocrx_word' id='word_1_336' title='bbox 3570 2276 3703 2331; x_wconf 56' lang='grc' dir='ltr'>κακῶ]</span> 
     </span>
    </p>
   </div>
   <div class='ocr_carea' id='block_1_52' title="bbox 2209 2370 2814 2442">
    <p class='ocr_par' dir='ltr' id='par_1_52' title="bbox 2209 2370 2814 2442">
     <span class='ocr_line' id='line_1_52' title="bbox 2209 2370 2814 2442; baseline -0.008 -14"><span class='ocrx_word' id='word_1_337' title='bbox 2209 2372 2606 2442; x_wconf 78' lang='grc' dir='ltr'>ἀπαιτούμενος</span> <span class='ocrx_word' id='word_1_338' title='bbox 2637 2370 2814 2433; x_wconf 88' lang='grc' dir='ltr'>δίκας.</span> 
     </span>
    </p>
   </div>
   <div class='ocr_carea' id='block_1_53' title="bbox 2281 2457 3702 2534">
    <p class='ocr_par' dir='ltr' id='par_1_53' title="bbox 2281 2457 3702 2534">
     <span class='ocr_line' id='line_1_53' title="bbox 2281 2457 3702 2534; baseline -0.005 -18"><span class='ocrx_word' id='word_1_339' title='bbox 2281 2468 2373 2534; x_wconf 87' lang='grc' dir='ltr'>ιη’.</span> <span class='ocrx_word' id='word_1_340' title='bbox 2436 2479 2456 2512; x_wconf 79' lang='grc' dir='ltr'><strong>ι</strong></span> <span class='ocrx_word' id='word_1_341' title='bbox 2480 2462 2547 2514; x_wconf 83' lang='grc' dir='ltr'>Τί</span> <span class='ocrx_word' id='word_1_342' title='bbox 2606 2460 2810 2532; x_wconf 83' lang='grc' dir='ltr'>ὠφελεί</span> <span class='ocrx_word' id='word_1_343' title='bbox 2855 2458 3093 2531; x_wconf 79' lang='grc' dir='ltr'>γλυπτδν</span> <span class='ocrx_word' id='word_1_344' title='bbox 3116 2501 3132 2526; x_wconf 91' lang='grc'><strong>,</strong></span> <span class='ocrx_word' id='word_1_345' title='bbox 3178 2460 3266 2513; x_wconf 81' lang='grc' dir='ltr'>ὅτι</span> <span class='ocrx_word' id='word_1_346' title='bbox 3323 2458 3539 2529; x_wconf 79' lang='grc' dir='ltr'>ἕγλυψαν</span> <span class='ocrx_word' id='word_1_347' title='bbox 3587 2457 3702 2519; x_wconf 74' lang='grc' dir='ltr'>αὑτός</span> 
     </span>
    </p>
   </div>
   <div class='ocr_carea' id='block_1_54' title="bbox 2212 2549 3702 2625">
    <p class='ocr_par' dir='ltr' id='par_1_54' title="bbox 2212 2549 3702 2625">
     <span class='ocr_line' id='line_1_54' title="bbox 2212 2549 3702 2625; baseline -0.007 -17"><span class='ocrx_word' id='word_1_348' title='bbox 2212 2555 2495 2608; x_wconf 78' lang='grc' dir='ltr'>Ἔπλασαν</span> <span class='ocrx_word' id='word_1_349' title='bbox 2519 2551 2538 2585; x_wconf 78' lang='grc'><strong>⁷</strong></span> <span class='ocrx_word' id='word_1_350' title='bbox 2566 2552 2700 2606; x_wconf 81' lang='grc' dir='ltr'>αὐτὸ</span> <span class='ocrx_word' id='word_1_351' title='bbox 2746 2552 3002 2625; x_wconf 81' lang='grc' dir='ltr'>χώνευμα</span> <span class='ocrx_word' id='word_1_352' title='bbox 3025 2592 3041 2615; x_wconf 88' lang='grc'><strong>,</strong></span> <span class='ocrx_word' id='word_1_353' title='bbox 3096 2551 3401 2622; x_wconf 77' lang='grc' dir='ltr'>φαντασίαν</span> <span class='ocrx_word' id='word_1_354' title='bbox 3449 2549 3592 2621; x_wconf 67' lang='grc' dir='ltr'>ψευδῆ</span> <span class='ocrx_word' id='word_1_355' title='bbox 3613 2566 3624 2579; x_wconf 78' lang='grc' dir='ltr'><strong>ο</strong></span> <span class='ocrx_word' id='word_1_356' title='bbox 3648 2550 3702 2600; x_wconf 76' lang='grc' dir='ltr'>ὅτι</span> 
     </span>
    </p>
   </div>
   <div class='ocr_carea' id='block_1_55' title="bbox 2207 2636 3705 2712">
    <p class='ocr_par' dir='ltr' id='par_1_55' title="bbox 2207 2636 3705 2712">
     <span class='ocr_line' id='line_1_55' title="bbox 2207 2636 3705 2712; baseline -0.004 -15"><span class='ocrx_word' id='word_1_357' title='bbox 2207 2643 2464 2699; x_wconf 76' lang='grc' dir='ltr'>πέποιθεν</span> <span class='ocrx_word' id='word_1_358' title='bbox 2490 2643 2520 2696; x_wconf 82' lang='grc' dir='ltr'><strong>ὁ</strong></span> <span class='ocrx_word' id='word_1_359' title='bbox 2549 2643 2763 2708; x_wconf 83' lang='grc' dir='ltr'>πλάσας</span> <span class='ocrx_word' id='word_1_360' title='bbox 2790 2643 2885 2698; x_wconf 76' lang='grc' dir='ltr'><strong>ἐπὶ</strong></span> <span class='ocrx_word' id='word_1_361' title='bbox 2931 2643 2994 2696; x_wconf 80' lang='grc' dir='ltr'>τὸ</span> <span class='ocrx_word' id='word_1_362' title='bbox 3031 2642 3265 2712; x_wconf 83' lang='grc' dir='ltr'>πλάσμα</span> <span class='ocrx_word' id='word_1_363' title='bbox 3283 2640 3459 2705; x_wconf 80' lang='grc' dir='ltr'>αὑτοῦ,</span> <span class='ocrx_word' id='word_1_364' title='bbox 3489 2638 3570 2694; x_wconf 82' lang='grc' dir='ltr'>τοῦ</span> <span class='ocrx_word' id='word_1_365' title='bbox 3594 2636 3705 2707; x_wconf 80' lang='grc' dir='ltr'>ποιῆ-</span> 
     </span>
    </p>
   </div>
   <div class='ocr_carea' id='block_1_56' title="bbox 2207 2731 3705 2808">
    <p class='ocr_par' dir='ltr' id='par_1_56' title="bbox 2207 2731 3705 2808">
     <span class='ocr_line' id='line_1_56' title="bbox 2207 2731 3705 2808; baseline -0.007 -17"><span class='ocrx_word' id='word_1_366' title='bbox 2207 2755 2299 2792; x_wconf 82' lang='grc' dir='ltr'><strong>σαι</strong></span> <span class='ocrx_word' id='word_1_367' title='bbox 2338 2736 2533 2791; x_wconf 77' lang='grc' dir='ltr'>εἴδωλα</span> <span class='ocrx_word' id='word_1_368' title='bbox 2582 2737 2761 2806; x_wconf 78' lang='grc' dir='ltr'>κωφά.</span> <span class='ocrx_word' id='word_1_369' title='bbox 2813 2756 2831 2789; x_wconf 83' lang='grc' dir='ltr'><strong>ι</strong></span> <span class='ocrx_word' id='word_1_370' title='bbox 2886 2737 2954 2790; x_wconf 82' lang='grc' dir='ltr'>Τί</span> <span class='ocrx_word' id='word_1_371' title='bbox 3001 2737 3357 2808; x_wconf 79' lang='grc' dir='ltr'>ἀνοητότερον</span> <span class='ocrx_word' id='word_1_372' title='bbox 3397 2733 3497 2788; x_wconf 84' lang='grc' dir='ltr'><strong>τῶν</strong></span> <span class='ocrx_word' id='word_1_373' title='bbox 3535 2731 3591 2785; x_wconf 82' lang='grc' dir='ltr'>τὰ</span> <span class='ocrx_word' id='word_1_374' title='bbox 3624 2743 3705 2799; x_wconf 80' lang='grc' dir='ltr'>χιι-</span> 
     </span>
    </p>
   </div>
   <div class='ocr_carea' id='block_1_57' title="bbox 2208 2820 3703 2902">
    <p class='ocr_par' dir='ltr' id='par_1_57' title="bbox 2208 2820 3703 2902">
     <span class='ocr_line' id='line_1_57' title="bbox 2208 2820 3703 2902; baseline -0.007 -20"><span class='ocrx_word' id='word_1_375' title='bbox 2208 2829 2473 2902; x_wconf 84' lang='grc' dir='ltr'>ροποιητα</span> <span class='ocrx_word' id='word_1_376' title='bbox 2506 2828 2702 2883; x_wconf 80' lang='grc' dir='ltr'>εἴδωλα</span> <span class='ocrx_word' id='word_1_377' title='bbox 2733 2826 3185 2899; x_wconf 81' lang='grc' dir='ltr'>προσκυνούντων</span> <span class='ocrx_word' id='word_1_378' title='bbox 3217 2844 3236 2895; x_wconf 90' lang='lat'><strong>;</strong></span> <span class='ocrx_word' id='word_1_379' title='bbox 3284 2827 3337 2880; x_wconf 76' lang='grc' dir='ltr'>οἳ</span> <span class='ocrx_word' id='word_1_380' title='bbox 3362 2825 3450 2880; x_wconf 80' lang='grc' dir='ltr'><strong>καὶ</strong></span> <span class='ocrx_word' id='word_1_381' title='bbox 3486 2824 3572 2895; x_wconf 77' lang='grc' dir='ltr'>τὴν</span> <span class='ocrx_word' id='word_1_382' title='bbox 3605 2820 3703 2891; x_wconf 75' lang='grc' dir='ltr'>ὓλην</span> 
     </span>
    </p>
   </div>
   <div class='ocr_carea' id='block_1_58' title="bbox 2206 2913 3703 2994">
    <p class='ocr_par' dir='ltr' id='par_1_58' title="bbox 2206 2913 3703 2994">
     <span class='ocr_line' id='line_1_58' title="bbox 2206 2913 3703 2994; baseline -0.003 -17"><span class='ocrx_word' id='word_1_383' title='bbox 2206 2924 2302 2978; x_wconf 76' lang='grc' dir='ltr'>καὶ</span> <span class='ocrx_word' id='word_1_384' title='bbox 2326 2922 2426 2993; x_wconf 81' lang='grc' dir='ltr'>τὴν</span> <span class='ocrx_word' id='word_1_385' title='bbox 2466 2921 2667 2993; x_wconf 79' lang='grc' dir='ltr'>τέχνην</span> <span class='ocrx_word' id='word_1_386' title='bbox 2710 2921 2969 2994; x_wconf 71' lang='grc' dir='ltr'>ὁρῶντες,</span> <span class='ocrx_word' id='word_1_387' title='bbox 2996 2919 3073 2985; x_wconf 83' lang='grc' dir='ltr'><strong>ὡς</strong></span> <span class='ocrx_word' id='word_1_388' title='bbox 3100 2919 3249 2985; x_wconf 80' lang='grc' dir='ltr'>θεοῖς</span> <span class='ocrx_word' id='word_1_389' title='bbox 3281 2919 3343 2974; x_wconf 78' lang='grc' dir='ltr'>τὸ</span> <span class='ocrx_word' id='word_1_390' title='bbox 3370 2918 3517 2981; x_wconf 82' lang='grc' dir='ltr'>σέϐας</span> <span class='ocrx_word' id='word_1_391' title='bbox 3542 2913 3703 2986; x_wconf 69' lang='grc' dir='ltr'>ἠλιθίως</span> 
     </span>
    </p>
   </div>
   <div class='ocr_carea' id='block_1_59' title="bbox 2207 3013 2631 3086">
    <p class='ocr_par' dir='ltr' id='par_1_59' title="bbox 2207 3013 2631 3086">
     <span class='ocr_line' id='line_1_59' title="bbox 2207 3013 2631 3086; baseline -0.009 -18"><span class='ocrx_word' id='word_1_392' title='bbox 2207 3013 2631 3086; x_wconf 78' lang='grc' dir='ltr'>προσφέρουσιν.</span> 
     </span>
    </p>
   </div>
   <div class='ocr_carea' id='block_1_60' title="bbox 566 3080 2106 3190">
    <p class='ocr_par' dir='ltr' id='par_1_60' title="bbox 566 3080 2101 3164">
     <span class='ocr_line' id='line_1_60' title="bbox 566 3080 2101 3164; baseline 0.01 -27"><span class='ocrx_word' id='word_1_393' title='bbox 566 3080 734 3137; x_wconf 73' lang='lat' dir='ltr'><strong>Vsus.</strong></span> <span class='ocrx_word' id='word_1_394' title='bbox 760 3080 847 3138; x_wconf 81' lang='lat' dir='ltr'><strong>l9.</strong></span> <span class='ocrx_word' id='word_1_395' title='bbox 891 3102 910 3134; x_wconf 74' lang='grc' dir='ltr'><strong>ι</strong></span> <span class='ocrx_word' id='word_1_396' title='bbox 947 3084 1035 3139; x_wconf 62' lang='grc' dir='ltr'>ναξ</span> <span class='ocrx_word' id='word_1_397' title='bbox 1057 3089 1151 3156; x_wconf 85' lang='lat' dir='ltr'><strong>qui</strong></span> <span class='ocrx_word' id='word_1_398' title='bbox 1175 3088 1311 3142; x_wconf 88' lang='lat' dir='ltr'><strong>dicit</strong></span> <span class='ocrx_word' id='word_1_399' title='bbox 1335 3089 1524 3160; x_wconf 85' lang='lat' dir='ltr'><strong>ligno:</strong></span> <span class='ocrx_word' id='word_1_400' title='bbox 1559 3091 1795 3164; x_wconf 86' lang='lat' dir='ltr'><strong>Evigila,</strong></span> <span class='ocrx_word' id='word_1_401' title='bbox 1827 3103 1883 3151; x_wconf 92' lang='lat' dir='ltr'><strong>et</strong></span> <span class='ocrx_word' id='word_1_402' title='bbox 1904 3111 2101 3154; x_wconf 77' lang='lat' dir='ltr'><strong>exsur-</strong></span> 
     </span>
    </p>
   </div>
   <div class='ocr_carea' id='block_1_61' title="bbox 2208 3080 3701 3190">
    <p class='ocr_par' dir='ltr' id='par_1_61' title="bbox 2254 3080 3701 3176">
     <span class='ocr_line' id='line_1_61' title="bbox 2254 3080 3701 3176; baseline -0.007 -16"><span class='ocrx_word' id='word_1_403' title='bbox 2254 3080 2375 3162; x_wconf 41' lang='lat' dir='ltr'><strong>&#39;tB’.</strong></span> <span class='ocrx_word' id='word_1_404' title='bbox 2404 3080 2437 3158; x_wconf 28' lang='lat' dir='ltr'><strong>Cv</strong></span> <span class='ocrx_word' id='word_1_405' title='bbox 2458 3106 2594 3160; x_wconf 77' lang='grc' dir='ltr'><strong>Οὐαὶ</strong></span> <span class='ocrx_word' id='word_1_406' title='bbox 2615 3108 2645 3159; x_wconf 83' lang='grc' dir='ltr'>ὁ</span> <span class='ocrx_word' id='word_1_407' title='bbox 2690 3105 2869 3174; x_wconf 77' lang='grc' dir='ltr'>λέγων</span> <span class='ocrx_word' id='word_1_408' title='bbox 2885 3105 2965 3176; x_wconf 87' lang='grc' dir='ltr'><strong>τῷ</strong></span> <span class='ocrx_word' id='word_1_409' title='bbox 3009 3105 3186 3174; x_wconf 79' lang='grc' dir='ltr'>ξύλῳ·</span> <span class='ocrx_word' id='word_1_410' title='bbox 3231 3102 3512 3172; x_wconf 77' lang='grc' dir='ltr'>Ἔκνηψον,</span> <span class='ocrx_word' id='word_1_411' title='bbox 3538 3097 3701 3166; x_wconf 72' lang='grc' dir='ltr'>ἐξεγέρ-</span> 
     </span>
    </p>
   </div>
   <div class='ocr_carea' id='block_1_62' title="bbox 531 3175 2108 3255">
    <p class='ocr_par' dir='ltr' id='par_1_62' title="bbox 531 3175 2108 3255">
     <span class='ocr_line' id='line_1_62' title="bbox 531 3175 2108 3255; baseline 0.015 -33"><span class='ocrx_word' id='word_1_412' title='bbox 531 3183 634 3238; x_wconf 82' lang='lat' dir='ltr'><strong>ge;</strong></span> <span class='ocrx_word' id='word_1_413' title='bbox 685 3187 767 3226; x_wconf 69' lang='lat' dir='ltr'><strong>va:</strong></span> <span class='ocrx_word' id='word_1_414' title='bbox 820 3175 917 3244; x_wconf 83' lang='lat' dir='ltr'><strong>qui</strong></span> <span class='ocrx_word' id='word_1_415' title='bbox 953 3176 1088 3231; x_wconf 87' lang='lat' dir='ltr'><strong>dicit</strong></span> <span class='ocrx_word' id='word_1_416' title='bbox 1143 3179 1334 3248; x_wconf 89' lang='lat' dir='ltr'><strong>lapidi,</strong></span> <span class='ocrx_word' id='word_1_417' title='bbox 1368 3179 1617 3239; x_wconf 81' lang='lat' dir='ltr'><strong>Elevare.</strong></span> <span class='ocrx_word' id='word_1_418' title='bbox 1652 3183 1717 3239; x_wconf 81' lang='lat' dir='ltr'><strong>Et</strong></span> <span class='ocrx_word' id='word_1_419' title='bbox 1779 3184 1961 3255; x_wconf 90' lang='lat' dir='ltr'><strong>ipsum</strong></span> <span class='ocrx_word' id='word_1_420' title='bbox 2022 3196 2108 3245; x_wconf 86' lang='lat' dir='ltr'><strong>est</strong></span> 
     </span>
    </p>
   </div>
   <div class='ocr_carea' id='block_1_63' title="bbox 531 3260 2108 3352">
    <p class='ocr_par' dir='ltr' id='par_1_63' title="bbox 531 3260 2108 3352">
     <span class='ocr_line' id='line_1_63' title="bbox 531 3260 2108 3352; baseline 0.016 -37"><span class='ocrx_word' id='word_1_421' title='bbox 531 3260 736 3330; x_wconf 82' lang='lat' dir='ltr'><strong>imago,</strong></span> <span class='ocrx_word' id='word_1_422' title='bbox 761 3274 812 3320; x_wconf 91' lang='lat' dir='ltr'><strong>et</strong></span> <span class='ocrx_word' id='word_1_423' title='bbox 843 3276 928 3323; x_wconf 90' lang='lat' dir='ltr'><strong>est</strong></span> <span class='ocrx_word' id='word_1_424' title='bbox 962 3270 1251 3338; x_wconf 80' lang='lat' dir='ltr'><strong>productio</strong></span> <span class='ocrx_word' id='word_1_425' title='bbox 1275 3276 1396 3328; x_wconf 90' lang='lat' dir='ltr'><strong>auri</strong></span> <span class='ocrx_word' id='word_1_426' title='bbox 1433 3284 1490 3331; x_wconf 88' lang='lat' dir='ltr'><strong>et</strong></span> <span class='ocrx_word' id='word_1_427' title='bbox 1514 3277 1755 3348; x_wconf 86' lang='lat' dir='ltr'><strong>argenti,</strong></span> <span class='ocrx_word' id='word_1_428' title='bbox 1788 3288 1846 3336; x_wconf 92' lang='lat' dir='ltr'><strong>et</strong></span> <span class='ocrx_word' id='word_1_429' title='bbox 1873 3282 2108 3352; x_wconf 86' lang='lat' dir='ltr'><strong>spiritus</strong></span> 
     </span>
    </p>
   </div>
   <div class='ocr_carea' id='block_1_64' title="bbox 535 3354 2111 3447">
    <p class='ocr_par' dir='ltr' id='par_1_64' title="bbox 535 3354 2111 3447">
     <span class='ocr_line' id='line_1_64' title="bbox 535 3354 2111 3447; baseline 0.016 -40"><span class='ocrx_word' id='word_1_430' title='bbox 535 3354 697 3425; x_wconf 86' lang='lat' dir='ltr'><strong>plane</strong></span> <span class='ocrx_word' id='word_1_431' title='bbox 730 3373 841 3413; x_wconf 92' lang='lat' dir='ltr'><strong>non</strong></span> <span class='ocrx_word' id='word_1_432' title='bbox 898 3370 983 3416; x_wconf 89' lang='lat' dir='ltr'><strong>est</strong></span> <span class='ocrx_word' id='word_1_433' title='bbox 1044 3363 1100 3417; x_wconf 90' lang='lat' dir='ltr'><strong>in</strong></span> <span class='ocrx_word' id='word_1_434' title='bbox 1147 3364 1299 3423; x_wconf 69' lang='lat' dir='ltr'><strong>eis.»</strong></span> <span class='ocrx_word' id='word_1_435' title='bbox 1331 3366 1468 3434; x_wconf 85' lang='lat' dir='ltr'><strong>Quis</strong></span> <span class='ocrx_word' id='word_1_436' title='bbox 1510 3385 1623 3425; x_wconf 89' lang='lat' dir='ltr'><strong>non</strong></span> <span class='ocrx_word' id='word_1_437' title='bbox 1677 3373 1876 3428; x_wconf 90' lang='lat' dir='ltr'><strong>merito</strong></span> <span class='ocrx_word' id='word_1_438' title='bbox 1925 3375 2111 3447; x_wconf 85' lang='lat' dir='ltr'><strong>lugeat</strong></span> 
     </span>
    </p>
   </div>
   <div class='ocr_carea' id='block_1_65' title="bbox 530 3448 2110 3538">
    <p class='ocr_par' dir='ltr' id='par_1_65' title="bbox 530 3448 2110 3538">
     <span class='ocr_line' id='line_1_65' title="bbox 530 3448 2110 3538; baseline 0.016 -40"><span class='ocrx_word' id='word_1_439' title='bbox 530 3459 649 3511; x_wconf 89' lang='lat' dir='ltr'><strong>eos,</strong></span> <span class='ocrx_word' id='word_1_440' title='bbox 677 3448 771 3517; x_wconf 91' lang='lat' dir='ltr'><strong>qui</strong></span> <span class='ocrx_word' id='word_1_441' title='bbox 801 3465 995 3519; x_wconf 88' lang='lat' dir='ltr'><strong>preces</strong></span> <span class='ocrx_word' id='word_1_442' title='bbox 1045 3453 1244 3513; x_wconf 76' lang='lat' dir='ltr'><strong>ollerre</strong></span> <span class='ocrx_word' id='word_1_443' title='bbox 1281 3474 1393 3515; x_wconf 91' lang='lat' dir='ltr'><strong>non</strong></span> <span class='ocrx_word' id='word_1_444' title='bbox 1423 3460 1684 3538; x_wconf 66' lang='lat' dir='ltr'><strong>dubitant</strong></span> <span class='ocrx_word' id='word_1_445' title='bbox 1718 3465 1829 3521; x_wconf 91' lang='lat' dir='ltr'><strong>diis</strong></span> <span class='ocrx_word' id='word_1_446' title='bbox 1863 3482 1929 3522; x_wconf 77' lang='lat' dir='ltr'><strong>ex</strong></span> <span class='ocrx_word' id='word_1_447' title='bbox 1972 3482 2110 3525; x_wconf 88' lang='lat' dir='ltr'><strong>auro</strong></span> 
     </span>
    </p>
   </div>
   <div class='ocr_carea' id='block_1_66' title="bbox 531 3540 2109 3629">
    <p class='ocr_par' dir='ltr' id='par_1_66' title="bbox 531 3540 2109 3629">
     <span class='ocr_line' id='line_1_66' title="bbox 531 3540 2109 3629; baseline 0.018 -41"><span class='ocrx_word' id='word_1_448' title='bbox 531 3541 591 3589; x_wconf 91' lang='lat' dir='ltr'><strong>et</strong></span> <span class='ocrx_word' id='word_1_449' title='bbox 616 3548 845 3608; x_wconf 87' lang='lat' dir='ltr'><strong>argento</strong></span> <span class='ocrx_word' id='word_1_450' title='bbox 874 3540 1373 3607; x_wconf 47' lang='lat' dir='ltr'><strong>factis?Nec.enim</strong></span> <span class='ocrx_word' id='word_1_451' title='bbox 1404 3553 1743 3611; x_wconf 84' lang='lat' dir='ltr'><strong>erubescunt</strong></span> <span class='ocrx_word' id='word_1_452' title='bbox 1775 3555 1991 3629; x_wconf 61' lang='lat'><strong>155.9</strong></span> <span class='ocrx_word' id='word_1_453' title='bbox 2013 3573 2109 3615; x_wconf 83' lang='lat' dir='ltr'><strong>eos</strong></span> 
     </span>
    </p>
   </div>
   <div class='ocr_carea' id='block_1_67' title="bbox 533 3626 2109 3717">
    <p class='ocr_par' dir='ltr' id='par_1_67' title="bbox 533 3626 2109 3717">
     <span class='ocr_line' id='line_1_67' title="bbox 533 3626 2109 3717; baseline 0.015 -37"><span class='ocrx_word' id='word_1_454' title='bbox 533 3626 704 3684; x_wconf 77' lang='lat' dir='ltr'><strong>veluti</strong></span> <span class='ocrx_word' id='word_1_455' title='bbox 724 3631 1067 3694; x_wconf 87' lang='lat' dir='ltr'><strong>dormientes</strong></span> <span class='ocrx_word' id='word_1_456' title='bbox 1092 3641 1337 3697; x_wconf 84' lang='lat' dir='ltr'><strong>excitare</strong></span> <span class='ocrx_word' id='word_1_457' title='bbox 1362 3661 1375 3697; x_wconf 89' lang='lat'><strong>:</strong></span> <span class='ocrx_word' id='word_1_458' title='bbox 1413 3643 1542 3699; x_wconf 90' lang='lat' dir='ltr'><strong>licet</strong></span> <span class='ocrx_word' id='word_1_459' title='bbox 1572 3661 1681 3701; x_wconf 92' lang='lat' dir='ltr'><strong>non</strong></span> <span class='ocrx_word' id='word_1_460' title='bbox 1723 3626 1982 3717; x_wconf 77' lang='lat' dir='ltr'><strong>ignorent</strong></span> <span class='ocrx_word' id='word_1_461' title='bbox 2012 3665 2109 3704; x_wconf 90' lang='lat' dir='ltr'><strong>eos</strong></span> 
     </span>
    </p>
   </div>
   <div class='ocr_carea' id='block_1_68' title="bbox 532 3722 2109 3808">
    <p class='ocr_par' dir='ltr' id='par_1_68' title="bbox 532 3722 2109 3808">
     <span class='ocr_line' id='line_1_68' title="bbox 532 3722 2109 3808; baseline 0.014 -37"><span class='ocrx_word' id='word_1_462' title='bbox 532 3731 766 3786; x_wconf 87' lang='lat' dir='ltr'><strong>prorsus</strong></span> <span class='ocrx_word' id='word_1_463' title='bbox 796 3722 1077 3784; x_wconf 87' lang='lat' dir='ltr'><strong>inanimos</strong></span> <span class='ocrx_word' id='word_1_464' title='bbox 1121 3745 1272 3797; x_wconf 90' lang='lat' dir='ltr'><strong>esse,</strong></span> <span class='ocrx_word' id='word_1_465' title='bbox 1307 3732 1405 3798; x_wconf 87' lang='lat' dir='ltr'><strong>qui</strong></span> <span class='ocrx_word' id='word_1_466' title='bbox 1461 3734 1599 3790; x_wconf 89' lang='lat' dir='ltr'><strong>nihil</strong></span> <span class='ocrx_word' id='word_1_467' title='bbox 1644 3736 1858 3794; x_wconf 81' lang='lat' dir='ltr'><strong>eﬂicere</strong></span> <span class='ocrx_word' id='word_1_468' title='bbox 1901 3747 2109 3808; x_wconf 82' lang='lat' dir='ltr'><strong>queant</strong></span> 
     </span>
    </p>
   </div>
   <div class='ocr_carea' id='block_1_69' title="bbox 530 3806 1961 3896">
    <p class='ocr_par' dir='ltr' id='par_1_69' title="bbox 530 3806 1961 3896">
     <span class='ocr_line' id='line_1_69' title="bbox 530 3806 1961 3896; baseline 0.013 -31"><span class='ocrx_word' id='word_1_469' title='bbox 530 3806 622 3866; x_wconf 78' lang='lat' dir='ltr'><strong>his</strong></span> <span class='ocrx_word' id='word_1_470' title='bbox 660 3815 942 3884; x_wconf 83' lang='lat' dir='ltr'><strong>sensibus,</strong></span> <span class='ocrx_word' id='word_1_471' title='bbox 978 3821 1184 3890; x_wconf 91' lang='lat' dir='ltr'><strong>quibus</strong></span> <span class='ocrx_word' id='word_1_472' title='bbox 1214 3824 1384 3895; x_wconf 85' lang='lat' dir='ltr'><strong>vulgo</strong></span> <span class='ocrx_word' id='word_1_473' title='bbox 1421 3826 1636 3896; x_wconf 62' lang='lat' dir='ltr'><strong>praediti</strong></span> <span class='ocrx_word' id='word_1_474' title='bbox 1678 3806 1961 3886; x_wconf 76' lang='lat' dir='ltr'><strong>ridentur.</strong></span> 
     </span>
    </p>
   </div>
   <div class='ocr_carea' id='block_1_70' title="bbox 485 3904 2108 3987">
    <p class='ocr_par' dir='ltr' id='par_1_70' title="bbox 485 3904 2108 3987">
     <span class='ocr_line' id='line_1_70' title="bbox 485 3904 2108 3987; baseline 0.013 -29"><span class='ocrx_word' id='word_1_475' title='bbox 485 3910 500 3919; x_wconf 84' lang='grc'><em>’</em></span> <span class='ocrx_word' id='word_1_476' title='bbox 604 3904 771 3962; x_wconf 73' lang='lat' dir='ltr'><strong>Vsus.</strong></span> <span class='ocrx_word' id='word_1_477' title='bbox 799 3908 889 3965; x_wconf 80' lang='lat'><strong>20.</strong></span> <span class='ocrx_word' id='word_1_478' title='bbox 926 3928 947 3963; x_wconf 87' lang='grc'><em>‹</em></span> <span class='ocrx_word' id='word_1_479' title='bbox 1005 3910 1273 3970; x_wconf 88' lang='lat' dir='ltr'><strong>Dominus</strong></span> <span class='ocrx_word' id='word_1_480' title='bbox 1317 3924 1500 3971; x_wconf 86' lang='lat' dir='ltr'><strong>autem</strong></span> <span class='ocrx_word' id='word_1_481' title='bbox 1545 3918 1604 3973; x_wconf 91' lang='lat' dir='ltr'><strong>in</strong></span> <span class='ocrx_word' id='word_1_482' title='bbox 1657 3919 1862 3987; x_wconf 87' lang='lat' dir='ltr'><strong>templo</strong></span> <span class='ocrx_word' id='word_1_483' title='bbox 1913 3931 2108 3978; x_wconf 88' lang='lat' dir='ltr'><strong>saneto</strong></span> 
     </span>
    </p>
   </div>
   <div class='ocr_carea' id='block_1_71' title="bbox 531 4001 2105 4071">
    <p class='ocr_par' dir='ltr' id='par_1_71' title="bbox 531 4001 2105 4071">
     <span class='ocr_line' id='line_1_71' title="bbox 531 4001 2105 4071; baseline 0.011 -23"><span class='ocrx_word' id='word_1_484' title='bbox 531 4009 639 4050; x_wconf 91' lang='lat' dir='ltr'><strong>suo</strong></span> <span class='ocrx_word' id='word_1_485' title='bbox 671 4012 686 4050; x_wconf 87' lang='lat'><strong>:</strong></span> <span class='ocrx_word' id='word_1_486' title='bbox 723 4008 1045 4054; x_wconf 84' lang='lat' dir='ltr'><strong>revereatur</strong></span> <span class='ocrx_word' id='word_1_487' title='bbox 1072 4017 1103 4054; x_wconf 87' lang='lat' dir='ltr'><strong>a</strong></span> <span class='ocrx_word' id='word_1_488' title='bbox 1145 4001 1285 4058; x_wconf 79' lang='lat' dir='ltr'><strong>facie</strong></span> <span class='ocrx_word' id='word_1_489' title='bbox 1311 4003 1437 4071; x_wconf 88' lang='lat' dir='ltr'><strong>ejus</strong></span> <span class='ocrx_word' id='word_1_490' title='bbox 1479 4005 1664 4062; x_wconf 91' lang='lat' dir='ltr'><strong>omnis</strong></span> <span class='ocrx_word' id='word_1_491' title='bbox 1695 4013 1866 4062; x_wconf 89' lang='lat' dir='ltr'><strong>terra.</strong></span> <span class='ocrx_word' id='word_1_492' title='bbox 1908 4027 1927 4061; x_wconf 76' lang='grc' dir='ltr'><strong>ι</strong></span> <span class='ocrx_word' id='word_1_493' title='bbox 1967 4008 2105 4065; x_wconf 78' lang='lat' dir='ltr'><strong>Nam</strong></span> 
     </span>
    </p>
   </div>
   <div class='ocr_carea' id='block_1_72' title="bbox 533 4084 2108 4167">
    <p class='ocr_par' dir='ltr' id='par_1_72' title="bbox 533 4084 2108 4167">
     <span class='ocr_line' id='line_1_72' title="bbox 533 4084 2108 4167; baseline 0.009 -28"><span class='ocrx_word' id='word_1_494' title='bbox 533 4084 683 4140; x_wconf 84' lang='lat' dir='ltr'><strong>idola</strong></span> <span class='ocrx_word' id='word_1_495' title='bbox 741 4086 963 4156; x_wconf 89' lang='lat' dir='ltr'><strong>quidem</strong></span> <span class='ocrx_word' id='word_1_496' title='bbox 1013 4098 1167 4145; x_wconf 86' lang='lat' dir='ltr'><strong>muta</strong></span> <span class='ocrx_word' id='word_1_497' title='bbox 1223 4099 1278 4148; x_wconf 93' lang='lat' dir='ltr'><strong>et</strong></span> <span class='ocrx_word' id='word_1_498' title='bbox 1306 4092 1483 4147; x_wconf 77' lang='lat' dir='ltr'><strong>surda</strong></span> <span class='ocrx_word' id='word_1_499' title='bbox 1522 4101 1676 4158; x_wconf 89' lang='lat' dir='ltr'><strong>sunt,</strong></span> <span class='ocrx_word' id='word_1_500' title='bbox 1738 4096 2108 4167; x_wconf 87' lang='lat' dir='ltr'><strong>omnibusque</strong></span> 
     </span>
    </p>
   </div>
   <div class='ocr_carea' id='block_1_73' title="bbox 533 4174 2104 4242">
    <p class='ocr_par' dir='ltr' id='par_1_73' title="bbox 533 4174 2104 4242">
     <span class='ocr_line' id='line_1_73' title="bbox 533 4174 2104 4242; baseline 0.01 -16"><span class='ocrx_word' id='word_1_501' title='bbox 533 4174 746 4231; x_wconf 75' lang='lat' dir='ltr'><strong>viribus</strong></span> <span class='ocrx_word' id='word_1_502' title='bbox 773 4176 1038 4233; x_wconf 87' lang='lat' dir='ltr'><strong>destituta</strong></span> <span class='ocrx_word' id='word_1_503' title='bbox 1077 4198 1093 4235; x_wconf 89' lang='lat'><strong>:</strong></span> <span class='ocrx_word' id='word_1_504' title='bbox 1146 4180 1411 4236; x_wconf 84' lang='lat' dir='ltr'><strong>Dominus</strong></span> <span class='ocrx_word' id='word_1_505' title='bbox 1480 4197 1614 4238; x_wconf 82' lang='lat' dir='ltr'><strong>vero</strong></span> <span class='ocrx_word' id='word_1_506' title='bbox 1666 4194 1856 4240; x_wconf 86' lang='lat' dir='ltr'><strong>noster</strong></span> <span class='ocrx_word' id='word_1_507' title='bbox 1903 4188 2104 4242; x_wconf 69' lang='lat' dir='ltr'><strong>cretum</strong></span> 
     </span>
    </p>
   </div>
   <div class='ocr_carea' id='block_1_74' title="bbox 532 4266 2107 4343">
    <p class='ocr_par' dir='ltr' id='par_1_74' title="bbox 532 4266 2107 4343">
     <span class='ocr_line' id='line_1_74' title="bbox 532 4266 2107 4343; baseline 0.01 -23"><span class='ocrx_word' id='word_1_508' title='bbox 532 4266 756 4336; x_wconf 90' lang='lat' dir='ltr'><strong>quidem</strong></span> <span class='ocrx_word' id='word_1_509' title='bbox 792 4268 968 4328; x_wconf 86' lang='lat' dir='ltr'><strong>instar</strong></span> <span class='ocrx_word' id='word_1_510' title='bbox 994 4272 1185 4342; x_wconf 87' lang='lat' dir='ltr'><strong>templi</strong></span> <span class='ocrx_word' id='word_1_511' title='bbox 1214 4272 1504 4343; x_wconf 88' lang='lat' dir='ltr'><strong>cujusdam</strong></span> <span class='ocrx_word' id='word_1_512' title='bbox 1546 4274 1738 4341; x_wconf 88' lang='lat' dir='ltr'><strong>habet,</strong></span> <span class='ocrx_word' id='word_1_513' title='bbox 1790 4277 1957 4334; x_wconf 87' lang='lat' dir='ltr'><strong>habet</strong></span> <span class='ocrx_word' id='word_1_514' title='bbox 2001 4294 2107 4336; x_wconf 86' lang='lat' dir='ltr'><strong>au-</strong></span> 
     </span>
    </p>
   </div>
   <div class='ocr_carea' id='block_1_75' title="bbox 534 4358 2105 4424">
    <p class='ocr_par' dir='ltr' id='par_1_75' title="bbox 534 4358 2105 4424">
     <span class='ocr_line' id='line_1_75' title="bbox 534 4358 2105 4424; baseline 0.009 -13"><span class='ocrx_word' id='word_1_515' title='bbox 534 4362 644 4411; x_wconf 87' lang='lat' dir='ltr'><strong>tem</strong></span> <span class='ocrx_word' id='word_1_516' title='bbox 681 4358 734 4413; x_wconf 92' lang='lat' dir='ltr'><strong>in</strong></span> <span class='ocrx_word' id='word_1_517' title='bbox 773 4360 942 4416; x_wconf 86' lang='lat' dir='ltr'><strong>terris</strong></span> <span class='ocrx_word' id='word_1_518' title='bbox 995 4362 1161 4417; x_wconf 87' lang='lat' dir='ltr'><strong>etiam</strong></span> <span class='ocrx_word' id='word_1_519' title='bbox 1213 4363 1321 4419; x_wconf 85' lang='lat' dir='ltr'><strong>sibi</strong></span> <span class='ocrx_word' id='word_1_520' title='bbox 1360 4374 1754 4420; x_wconf 86' lang='lat' dir='ltr'><strong>consecratum</strong></span> <span class='ocrx_word' id='word_1_521' title='bbox 1816 4368 1998 4424; x_wconf 90' lang='lat' dir='ltr'><strong>locum</strong></span> <span class='ocrx_word' id='word_1_522' title='bbox 2050 4371 2105 4424; x_wconf 91' lang='lat' dir='ltr'><strong>in</strong></span> 
     </span>
    </p>
   </div>
   <div class='ocr_carea' id='block_1_76' title="bbox 2209 3190 3706 3272">
    <p class='ocr_par' dir='ltr' id='par_1_76' title="bbox 2209 3190 3706 3272">
     <span class='ocr_line' id='line_1_76' title="bbox 2209 3190 3706 3272; baseline -0.01 -19"><span class='ocrx_word' id='word_1_523' title='bbox 2209 3200 2332 3272; x_wconf 88' lang='grc' dir='ltr'>θητι</span> <span class='ocrx_word' id='word_1_524' title='bbox 2375 3216 2391 3233; x_wconf 68' lang='grc'><strong><em>⁸</em></strong></span> <span class='ocrx_word' id='word_1_525' title='bbox 2428 3198 2521 3252; x_wconf 74' lang='grc' dir='ltr'>καὶ</span> <span class='ocrx_word' id='word_1_526' title='bbox 2544 3198 2567 3231; x_wconf 80' lang='grc'>⁸</span> <span class='ocrx_word' id='word_1_527' title='bbox 2605 3196 2703 3268; x_wconf 32' lang='grc' dir='ltr'>τῷν</span> <span class='ocrx_word' id='word_1_528' title='bbox 2734 3196 2905 3267; x_wconf 82' lang='grc' dir='ltr'>λίθῳ·</span> <span class='ocrx_word' id='word_1_529' title='bbox 2956 3194 3235 3266; x_wconf 80' lang='grc' dir='ltr'>Ὑψώθητι</span> <span class='ocrx_word' id='word_1_530' title='bbox 3283 3212 3298 3226; x_wconf 69' lang='grc' dir='ltr'><strong>θ</strong></span> <span class='ocrx_word' id='word_1_531' title='bbox 3353 3193 3441 3247; x_wconf 54' lang='grc' dir='ltr'><strong>καὶ⁵</strong></span> <span class='ocrx_word' id='word_1_532' title='bbox 3481 3190 3592 3245; x_wconf 79' lang='grc' dir='ltr'>αὐτό</span> <span class='ocrx_word' id='word_1_533' title='bbox 3629 3191 3706 3240; x_wconf 77' lang='grc' dir='ltr'>ἐστι</span> 
     </span>
    </p>
   </div>
   <div class='ocr_carea' id='block_1_77' title="bbox 2209 3280 3706 3360">
    <p class='ocr_par' dir='ltr' id='par_1_77' title="bbox 2209 3280 3706 3360">
     <span class='ocr_line' id='line_1_77' title="bbox 2209 3280 3706 3360; baseline -0.011 -13"><span class='ocrx_word' id='word_1_534' title='bbox 2209 3290 2477 3360; x_wconf 76' lang='grc' dir='ltr'>φαντασία</span> <span class='ocrx_word' id='word_1_535' title='bbox 2513 3307 2527 3321; x_wconf 88' lang='grc'><strong>·</strong></span> <span class='ocrx_word' id='word_1_536' title='bbox 2554 3288 2714 3344; x_wconf 84' lang='grc' dir='ltr'>τοῦτο</span> <span class='ocrx_word' id='word_1_537' title='bbox 2746 3289 2803 3342; x_wconf 75' lang='grc' dir='ltr'>δέ</span> <span class='ocrx_word' id='word_1_538' title='bbox 2843 3290 2995 3343; x_wconf 85' lang='grc' dir='ltr'>ἐστιν</span> <span class='ocrx_word' id='word_1_539' title='bbox 3027 3288 3245 3358; x_wconf 80' lang='grc' dir='ltr'>ἔλασμα</span> <span class='ocrx_word' id='word_1_540' title='bbox 3271 3289 3361 3341; x_wconf 76' lang='grc' dir='ltr'><strong>’ἐκ</strong></span> <span class='ocrx_word' id='word_1_541' title='bbox 3381 3289 3402 3319; x_wconf 78' lang='grc'>⁸</span> <span class='ocrx_word' id='word_1_542' title='bbox 3429 3284 3618 3357; x_wconf 73' lang='grc' dir='ltr'>χρυσίου</span> <span class='ocrx_word' id='word_1_543' title='bbox 3644 3280 3706 3333; x_wconf 79' lang='grc' dir='ltr'>καὶ</span> 
     </span>
    </p>
   </div>
   <div class='ocr_carea' id='block_1_78' title="bbox 2207 3372 3701 3457">
    <p class='ocr_par' dir='ltr' id='par_1_78' title="bbox 2207 3372 3701 3457">
     <span class='ocr_line' id='line_1_78' title="bbox 2207 3372 3701 3457; baseline -0.009 -19"><span class='ocrx_word' id='word_1_544' title='bbox 2207 3383 2496 3457; x_wconf 83' lang='grc' dir='ltr'>ἀργυρίου.</span> <span class='ocrx_word' id='word_1_545' title='bbox 2531 3382 2630 3436; x_wconf 76' lang='grc' dir='ltr'>καὶ</span> <span class='ocrx_word' id='word_1_546' title='bbox 2658 3383 2767 3435; x_wconf 77' lang='grc' dir='ltr'><strong>πᾶν</strong></span> <span class='ocrx_word' id='word_1_547' title='bbox 2803 3379 3025 3451; x_wconf 82' lang='grc' dir='ltr'>πνεῦμα</span> <span class='ocrx_word' id='word_1_548' title='bbox 3071 3381 3175 3433; x_wconf 83' lang='grc' dir='ltr'><strong>ούκ</strong></span> <span class='ocrx_word' id='word_1_549' title='bbox 3210 3379 3356 3433; x_wconf 73' lang='grc' dir='ltr'>ἐστιν</span> <span class='ocrx_word' id='word_1_550' title='bbox 3381 3380 3434 3431; x_wconf 81' lang='grc' dir='ltr'>ὲν</span> <span class='ocrx_word' id='word_1_551' title='bbox 3462 3372 3701 3436; x_wconf 75' lang='grc' dir='ltr'>αύτοῖς¹⁰.ι</span> 
     </span>
    </p>
   </div>
   <div class='ocr_carea' id='block_1_79' title="bbox 2210 3463 3706 3543">
    <p class='ocr_par' dir='ltr' id='par_1_79' title="bbox 2210 3463 3706 3543">
     <span class='ocr_line' id='line_1_79' title="bbox 2210 3463 3706 3543; baseline -0.01 -15"><span class='ocrx_word' id='word_1_552' title='bbox 2210 3477 2306 3540; x_wconf 87' lang='grc' dir='ltr'>Τίς</span> <span class='ocrx_word' id='word_1_553' title='bbox 2351 3475 2451 3530; x_wconf 76' lang='grc' dir='ltr'>οὐκ</span> <span class='ocrx_word' id='word_1_554' title='bbox 2489 3474 2556 3528; x_wconf 84' lang='grc' dir='ltr'>ἂν</span> <span class='ocrx_word' id='word_1_555' title='bbox 2603 3472 2826 3537; x_wconf 78' lang='grc' dir='ltr'>εἰκότως</span> <span class='ocrx_word' id='word_1_556' title='bbox 2855 3471 3148 3543; x_wconf 85' lang='grc' dir='ltr'>θρηνήσειε</span> <span class='ocrx_word' id='word_1_557' title='bbox 3209 3473 3322 3534; x_wconf 82' lang='grc' dir='ltr'>τοῖς</span> <span class='ocrx_word' id='word_1_558' title='bbox 3354 3472 3415 3523; x_wconf 85' lang='grc' dir='ltr'>ὲκ</span> <span class='ocrx_word' id='word_1_559' title='bbox 3450 3464 3617 3540; x_wconf 79' lang='grc' dir='ltr'>χρυσοῦ</span> <span class='ocrx_word' id='word_1_560' title='bbox 3645 3463 3706 3516; x_wconf 72' lang='grc' dir='ltr'>καὶ</span> 
     </span>
    </p>
   </div>
   <div class='ocr_carea' id='block_1_80' title="bbox 2208 3554 3705 3641">
    <p class='ocr_par' dir='ltr' id='par_1_80' title="bbox 2208 3554 3705 3641">
     <span class='ocr_line' id='line_1_80' title="bbox 2208 3554 3705 3641; baseline -0.01 -18"><span class='ocrx_word' id='word_1_561' title='bbox 2208 3566 2471 3641; x_wconf 82' lang='grc' dir='ltr'>ἀργυρίου</span> <span class='ocrx_word' id='word_1_562' title='bbox 2524 3564 3067 3636; x_wconf 80' lang='grc' dir='ltr'>κατεσκευασμένοις</span> <span class='ocrx_word' id='word_1_563' title='bbox 3121 3563 3269 3627; x_wconf 81' lang='grc' dir='ltr'>θεοῖς</span> <span class='ocrx_word' id='word_1_564' title='bbox 3297 3581 3312 3630; x_wconf 90' lang='grc'><strong>;</strong></span> <span class='ocrx_word' id='word_1_565' title='bbox 3339 3563 3446 3616; x_wconf 84' lang='grc' dir='ltr'>Οὐκ</span> <span class='ocrx_word' id='word_1_566' title='bbox 3482 3554 3705 3632; x_wconf 69' lang='grc' dir='ltr'>ἐρυθριῶσι</span> 
     </span>
    </p>
   </div>
   <div class='ocr_carea' id='block_1_81' title="bbox 2210 3642 3707 3732">
    <p class='ocr_par' dir='ltr' id='par_1_81' title="bbox 2210 3642 3707 3732">
     <span class='ocr_line' id='line_1_81' title="bbox 2210 3642 3707 3732; baseline -0.011 -18"><span class='ocrx_word' id='word_1_567' title='bbox 2210 3662 2319 3732; x_wconf 74' lang='grc' dir='ltr'><strong>γὰρ</strong></span> <span class='ocrx_word' id='word_1_568' title='bbox 2367 3659 2529 3714; x_wconf 71' lang='grc' dir='ltr'>οἱονεὶ</span> <span class='ocrx_word' id='word_1_569' title='bbox 2585 3655 2949 3718; x_wconf 85' lang='grc' dir='ltr'>καθεύδοντας</span> <span class='ocrx_word' id='word_1_570' title='bbox 3001 3653 3203 3717; x_wconf 81' lang='grc' dir='ltr'>αὐτοὺς</span> <span class='ocrx_word' id='word_1_571' title='bbox 3251 3650 3582 3722; x_wconf 68' lang='grc' dir='ltr'>διεγείροντος</span> <span class='ocrx_word' id='word_1_572' title='bbox 3607 3662 3621 3678; x_wconf 73' lang='grc'><strong><em>⁸</em></strong></span> <span class='ocrx_word' id='word_1_573' title='bbox 3642 3642 3707 3698; x_wconf 75' lang='grc' dir='ltr'>καὶ</span> 
     </span>
    </p>
   </div>
   <div class='ocr_carea' id='block_1_82' title="bbox 2209 3732 3707 3815">
    <p class='ocr_par' dir='ltr' id='par_1_82' title="bbox 2209 3732 3707 3815">
     <span class='ocr_line' id='line_1_82' title="bbox 2209 3732 3707 3815; baseline -0.009 -12"><span class='ocrx_word' id='word_1_574' title='bbox 2209 3748 2383 3802; x_wconf 78' lang='grc' dir='ltr'>ταῦτα</span> <span class='ocrx_word' id='word_1_575' title='bbox 2438 3747 2639 3811; x_wconf 86' lang='grc' dir='ltr'>εἰδότες</span> <span class='ocrx_word' id='word_1_576' title='bbox 2678 3747 2754 3810; x_wconf 88' lang='grc' dir='ltr'><strong>ώς</strong></span> <span class='ocrx_word' id='word_1_577' title='bbox 2803 3745 2987 3815; x_wconf 81' lang='grc' dir='ltr'>ἄψυχα</span> <span class='ocrx_word' id='word_1_578' title='bbox 3038 3744 3279 3813; x_wconf 79' lang='grc' dir='ltr'>πάμπαν</span> <span class='ocrx_word' id='word_1_579' title='bbox 3329 3741 3487 3804; x_wconf 78' lang='grc' dir='ltr'>ἐστὶν,</span> <span class='ocrx_word' id='word_1_580' title='bbox 3527 3732 3707 3805; x_wconf 72' lang='grc' dir='ltr'>ἐνεργεῖν</span> 
     </span>
    </p>
   </div>
   <div class='ocr_carea' id='block_1_83' title="bbox 2209 3823 3608 3902">
    <p class='ocr_par' dir='ltr' id='par_1_83' title="bbox 2209 3823 3608 3902">
     <span class='ocr_line' id='line_1_83' title="bbox 2209 3823 3608 3902; baseline -0.008 -18"><span class='ocrx_word' id='word_1_581' title='bbox 2209 3833 2296 3887; x_wconf 84' lang='grc' dir='ltr'>διὰ</span> <span class='ocrx_word' id='word_1_582' title='bbox 2322 3831 2432 3886; x_wconf 82' lang='grc' dir='ltr'>τῶν</span> <span class='ocrx_word' id='word_1_583' title='bbox 2491 3830 2829 3902; x_wconf 81' lang='grc' dir='ltr'>φαινομένων</span> <span class='ocrx_word' id='word_1_584' title='bbox 2859 3826 3232 3899; x_wconf 70' lang='grc' dir='ltr'>αἰσθητηρίων</span> <span class='ocrx_word' id='word_1_585' title='bbox 3268 3825 3328 3880; x_wconf 80' lang='grc' dir='ltr'><strong>ού</strong></span> <span class='ocrx_word' id='word_1_586' title='bbox 3356 3823 3608 3893; x_wconf 82' lang='grc' dir='ltr'>δυνάμενα.</span> 
     </span>
    </p>
   </div>
   <div class='ocr_carea' id='block_1_84' title="bbox 2280 3905 3704 3989">
    <p class='ocr_par' dir='ltr' id='par_1_84' title="bbox 2280 3905 3704 3989">
     <span class='ocr_line' id='line_1_84' title="bbox 2280 3905 3704 3989; baseline -0.011 -16"><span class='ocrx_word' id='word_1_587' title='bbox 2280 3919 2351 3975; x_wconf 84' lang='grc' dir='ltr'>κ’.</span> <span class='ocrx_word' id='word_1_588' title='bbox 2396 3940 2415 3972; x_wconf 73' lang='grc' dir='ltr'><strong>ι</strong></span> <span class='ocrx_word' id='word_1_589' title='bbox 2447 3921 2506 3974; x_wconf 80' lang='grc' dir='ltr'><strong>Ὀ</strong></span> <span class='ocrx_word' id='word_1_590' title='bbox 2533 3921 2591 3973; x_wconf 82' lang='grc' dir='ltr'>δὲ</span> <span class='ocrx_word' id='word_1_591' title='bbox 2620 3918 2824 3989; x_wconf 82' lang='grc' dir='ltr'>Κύριος</span> <span class='ocrx_word' id='word_1_592' title='bbox 2849 3920 2907 3972; x_wconf 80' lang='grc' dir='ltr'>ὲν</span> <span class='ocrx_word' id='word_1_593' title='bbox 2944 3916 3056 3987; x_wconf 84' lang='grc' dir='ltr'><strong>ναῷ</strong></span> <span class='ocrx_word' id='word_1_594' title='bbox 3088 3915 3231 3986; x_wconf 77' lang='grc' dir='ltr'>ἀγίῳ</span> <span class='ocrx_word' id='word_1_595' title='bbox 3274 3912 3457 3978; x_wconf 77' lang='grc' dir='ltr'>αὑτοῦ,</span> <span class='ocrx_word' id='word_1_596' title='bbox 3495 3908 3621 3964; x_wconf 73' lang='grc' dir='ltr'>καὶίί</span> <span class='ocrx_word' id='word_1_597' title='bbox 3643 3905 3704 3957; x_wconf 77' lang='grc' dir='ltr'><strong>εὖ·</strong></span> 
     </span>
    </p>
   </div>
   <div class='ocr_carea' id='block_1_85' title="bbox 2209 3995 3705 4082">
    <p class='ocr_par' dir='ltr' id='par_1_85' title="bbox 2209 3995 3705 4082">
     <span class='ocr_line' id='line_1_85' title="bbox 2209 3995 3705 4082; baseline -0.009 -18"><span class='ocrx_word' id='word_1_598' title='bbox 2209 4009 2479 4064; x_wconf 87' lang='grc' dir='ltr'>λαϐείσθω</span> <span class='ocrx_word' id='word_1_599' title='bbox 2501 4009 2610 4064; x_wconf 83' lang='grc' dir='ltr'>ἀπὸ</span> <span class='ocrx_word' id='word_1_600' title='bbox 2642 4007 2938 4082; x_wconf 85' lang='grc' dir='ltr'>προσώπου</span> <span class='ocrx_word' id='word_1_601' title='bbox 2961 4004 3132 4059; x_wconf 82' lang='grc' dir='ltr'>αὑτοῦ</span> <span class='ocrx_word' id='word_1_602' title='bbox 3159 4006 3312 4059; x_wconf 81' lang='grc' dir='ltr'>πᾶσα</span> <span class='ocrx_word' id='word_1_603' title='bbox 3344 4006 3379 4074; x_wconf 81' lang='grc' dir='ltr'><strong>ἡ</strong></span> <span class='ocrx_word' id='word_1_604' title='bbox 3405 4003 3491 4073; x_wconf 85' lang='grc' dir='ltr'>γῆ.</span> <span class='ocrx_word' id='word_1_605' title='bbox 3523 4020 3539 4052; x_wconf 79' lang='grc' dir='ltr'><strong>ι</strong></span> <span class='ocrx_word' id='word_1_606' title='bbox 3563 3999 3625 4052; x_wconf 72' lang='grc' dir='ltr'><strong>Τὰ</strong></span> <span class='ocrx_word' id='word_1_607' title='bbox 3642 3995 3705 4065; x_wconf 71' lang='grc' dir='ltr'><strong>μὲν</strong></span> 
     </span>
    </p>
   </div>
   <div class='ocr_carea' id='block_1_86' title="bbox 2209 4091 3703 4172">
    <p class='ocr_par' dir='ltr' id='par_1_86' title="bbox 2209 4091 3703 4172">
     <span class='ocr_line' id='line_1_86' title="bbox 2209 4091 3703 4172; baseline -0.004 -17"><span class='ocrx_word' id='word_1_608' title='bbox 2209 4102 2318 4172; x_wconf 74' lang='grc' dir='ltr'><strong>γὰρ</strong></span> <span class='ocrx_word' id='word_1_609' title='bbox 2340 4101 2536 4155; x_wconf 85' lang='grc' dir='ltr'>εἴδωλα</span> <span class='ocrx_word' id='word_1_610' title='bbox 2564 4101 2728 4170; x_wconf 84' lang='grc' dir='ltr'>κωφά</span> <span class='ocrx_word' id='word_1_611' title='bbox 2758 4101 2888 4165; x_wconf 82' lang='grc' dir='ltr'>εἰσι,</span> <span class='ocrx_word' id='word_1_612' title='bbox 2918 4098 3013 4152; x_wconf 69' lang='grc' dir='ltr'>καὶ</span> <span class='ocrx_word' id='word_1_613' title='bbox 3043 4097 3226 4167; x_wconf 83' lang='grc' dir='ltr'>πάσης</span> <span class='ocrx_word' id='word_1_614' title='bbox 3260 4094 3523 4165; x_wconf 76' lang='grc' dir='ltr'>δυνάμεως</span> <span class='ocrx_word' id='word_1_615' title='bbox 3546 4091 3703 4161; x_wconf 73' lang='grc' dir='ltr'>ἔρημα·</span> 
     </span>
    </p>
   </div>
   <div class='ocr_carea' id='block_1_87' title="bbox 2208 4178 3707 4264">
    <p class='ocr_par' dir='ltr' id='par_1_87' title="bbox 2208 4178 3707 4264">
     <span class='ocr_line' id='line_1_87' title="bbox 2208 4178 3707 4264; baseline -0.022 2"><span class='ocrx_word' id='word_1_616' title='bbox 2208 4194 2239 4246; x_wconf 72' lang='grc' dir='ltr'>ὁ</span> <span class='ocrx_word' id='word_1_617' title='bbox 2268 4192 2326 4246; x_wconf 69' lang='grc' dir='ltr'>δὲ</span> <span class='ocrx_word' id='word_1_618' title='bbox 2359 4192 2625 4264; x_wconf 81' lang='grc' dir='ltr'>ἡμέτερος</span> <span class='ocrx_word' id='word_1_619' title='bbox 2659 4192 2938 4261; x_wconf 80' lang='grc' dir='ltr'>Δεσπότης</span> <span class='ocrx_word' id='word_1_620' title='bbox 2965 4189 3083 4260; x_wconf 79' lang='grc' dir='ltr'>ἔχει</span> <span class='ocrx_word' id='word_1_621' title='bbox 3120 4190 3220 4259; x_wconf 74' lang='grc' dir='ltr'>μὲν</span> <span class='ocrx_word' id='word_1_622' title='bbox 3252 4184 3365 4242; x_wconf 75' lang='grc' dir='ltr'>οἷον</span> <span class='ocrx_word' id='word_1_623' title='bbox 3391 4204 3501 4240; x_wconf 87' lang='grc' dir='ltr'>τινα</span> <span class='ocrx_word' id='word_1_624' title='bbox 3524 4183 3625 4237; x_wconf 71' lang='grc' dir='ltr'>ναὸν</span> <span class='ocrx_word' id='word_1_625' title='bbox 3646 4178 3707 4230; x_wconf 64' lang='grc' dir='ltr'><strong>τὸν</strong></span> 
     </span>
    </p>
   </div>
   <div class='ocr_carea' id='block_1_88' title="bbox 2209 4270 3705 4373">
    <p class='ocr_par' dir='ltr' id='par_1_88' title="bbox 2209 4270 3705 4373">
     <span class='ocr_line' id='line_1_88' title="bbox 2209 4270 3705 4373; baseline -0.009 -34"><span class='ocrx_word' id='word_1_626' title='bbox 2209 4285 2458 4355; x_wconf 78' lang='grc' dir='ltr'>οὐρανὸν,</span> <span class='ocrx_word' id='word_1_627' title='bbox 2500 4283 2615 4355; x_wconf 80' lang='grc' dir='ltr'>ἔχει</span> <span class='ocrx_word' id='word_1_628' title='bbox 2661 4284 2721 4338; x_wconf 75' lang='grc' dir='ltr'>δὲ</span> <span class='ocrx_word' id='word_1_629' title='bbox 2756 4283 2854 4338; x_wconf 80' lang='grc' dir='ltr'>καὶ</span> <span class='ocrx_word' id='word_1_630' title='bbox 2880 4285 2938 4336; x_wconf 80' lang='grc' dir='ltr'>ὲν</span> <span class='ocrx_word' id='word_1_631' title='bbox 2970 4285 3036 4354; x_wconf 81' lang='grc' dir='ltr'>τῇ</span> <span class='ocrx_word' id='word_1_632' title='bbox 3072 4284 3144 4353; x_wconf 83' lang='grc' dir='ltr'>γῇ</span> <span class='ocrx_word' id='word_1_633' title='bbox 3191 4282 3284 4335; x_wconf 81' lang='grc' dir='ltr'>τὸν</span> <span class='ocrx_word' id='word_1_634' title='bbox 3324 4283 3382 4334; x_wconf 83' lang='grc' dir='ltr'>ὲν</span> <span class='ocrx_word' id='word_1_635' title='bbox 3431 4270 3705 4373; x_wconf 52' lang='lat' dir='ltr'><strong>leporich</strong></span> 
     </span>
    </p>
   </div>
   <div class='ocr_carea' id='block_1_89' title="bbox 2209 4362 3705 4450">
    <p class='ocr_par' dir='ltr' id='par_1_89' title="bbox 2209 4362 3705 4450">
     <span class='ocr_line' id='line_1_89' title="bbox 2209 4362 3705 4450; baseline -0.003 -20"><span class='ocrx_word' id='word_1_636' title='bbox 2209 4377 2587 4450; x_wconf 79' lang='grc' dir='ltr'>ἀφιερωμένον</span> <span class='ocrx_word' id='word_1_637' title='bbox 2619 4377 2784 4430; x_wconf 82' lang='grc' dir='ltr'>τόπον</span> <span class='ocrx_word' id='word_1_638' title='bbox 2810 4392 2826 4408; x_wconf 78' lang='grc' dir='ltr'><strong><em>ο</em></strong></span> <span class='ocrx_word' id='word_1_639' title='bbox 2881 4376 2976 4429; x_wconf 80' lang='grc' dir='ltr'>καὶ</span> <span class='ocrx_word' id='word_1_640' title='bbox 3022 4374 3245 4429; x_wconf 87' lang='grc' dir='ltr'>πάντων</span> <span class='ocrx_word' id='word_1_641' title='bbox 3272 4372 3430 4426; x_wconf 78' lang='grc' dir='ltr'>ἓνεκα</span> <span class='ocrx_word' id='word_1_642' title='bbox 3454 4368 3624 4426; x_wconf 73' lang='grc' dir='ltr'>δίκαιος</span> 
     </span>
    </p>
   </div>
   <div class='ocr_carea' id='block_1_90' title="bbox 535 4447 2106 4539">
    <p class='ocr_par' dir='ltr' id='par_1_90' title="bbox 535 4447 2104 4528">
     <span class='ocr_line' id='line_1_90' title="bbox 535 4447 2104 4528; baseline 0.009 -27"><span class='ocrx_word' id='word_1_643' title='bbox 535 4447 917 4521; x_wconf 84' lang='lat' dir='ltr'><strong>Hierosolyma</strong></span> <span class='ocrx_word' id='word_1_644' title='bbox 955 4471 968 4507; x_wconf 93' lang='lat'>:</span> <span class='ocrx_word' id='word_1_645' title='bbox 1004 4461 1171 4522; x_wconf 79' lang='lat' dir='ltr'><strong>atque</strong></span> <span class='ocrx_word' id='word_1_646' title='bbox 1231 4453 1477 4509; x_wconf 88' lang='lat' dir='ltr'><strong>omnium</strong></span> <span class='ocrx_word' id='word_1_647' title='bbox 1529 4469 1701 4512; x_wconf 89' lang='lat' dir='ltr'><strong>causa</strong></span> <span class='ocrx_word' id='word_1_648' title='bbox 1765 4473 1987 4528; x_wconf 78' lang='lat' dir='ltr'><strong>:equum</strong></span> <span class='ocrx_word' id='word_1_649' title='bbox 2050 4468 2104 4515; x_wconf 90' lang='lat' dir='ltr'><strong>et</strong></span> 
     </span>
    </p>
   </div>
   <div class='ocr_carea' id='block_1_91' title="bbox 2208 4447 3705 4539">
    <p class='ocr_par' dir='ltr' id='par_1_91' title="bbox 2210 4447 3705 4539">
     <span class='ocr_line' id='line_1_91' title="bbox 2210 4447 3705 4539; baseline -0.022 1"><span class='ocrx_word' id='word_1_650' title='bbox 2210 4447 2399 4538; x_wconf 56' lang='grc' dir='ltr'><strong>Χεσθέιι</strong></span> <span class='ocrx_word' id='word_1_651' title='bbox 2446 4467 2598 4538; x_wconf 76' lang='grc' dir='ltr'>παρὰ</span> <span class='ocrx_word' id='word_1_652' title='bbox 2636 4469 2738 4539; x_wconf 76' lang='grc' dir='ltr'><strong>τῆς</strong></span> <span class='ocrx_word' id='word_1_653' title='bbox 2777 4466 3007 4530; x_wconf 78' lang='grc' dir='ltr'>κτίσεως</span> <span class='ocrx_word' id='word_1_654' title='bbox 3071 4466 3291 4535; x_wconf 85' lang='grc' dir='ltr'>ἀπάσης</span> <span class='ocrx_word' id='word_1_655' title='bbox 3337 4464 3398 4516; x_wconf 86' lang='grc' dir='ltr'>τὸ</span> <span class='ocrx_word' id='word_1_656' title='bbox 3435 4460 3593 4522; x_wconf 79' lang='grc' dir='ltr'>σέϐας.</span> <span class='ocrx_word' id='word_1_657' title='bbox 3631 4452 3705 4508; x_wconf 66' lang='grc' dir='ltr'><strong>Καὶ</strong></span> 
     </span>
    </p>
   </div>
   <div class='ocr_carea' id='block_1_92' title="bbox 528 4538 2102 4618">
    <p class='ocr_par' dir='ltr' id='par_1_92' title="bbox 528 4538 2102 4618">
     <span class='ocr_line' id='line_1_92' title="bbox 528 4538 2102 4618; baseline 0.009 -27"><span class='ocrx_word' id='word_1_658' title='bbox 528 4538 741 4609; x_wconf 91' lang='lat' dir='ltr'><strong>justum</strong></span> <span class='ocrx_word' id='word_1_659' title='bbox 770 4549 854 4597; x_wconf 92' lang='lat' dir='ltr'><strong>est</strong></span> <span class='ocrx_word' id='word_1_660' title='bbox 881 4550 939 4598; x_wconf 92' lang='lat' dir='ltr'><strong>ut</strong></span> <span class='ocrx_word' id='word_1_661' title='bbox 967 4543 1039 4598; x_wconf 87' lang='lat' dir='ltr'><strong>ab</strong></span> <span class='ocrx_word' id='word_1_662' title='bbox 1059 4543 1316 4599; x_wconf 85' lang='lat' dir='ltr'><strong>omnibus</strong></span> <span class='ocrx_word' id='word_1_663' title='bbox 1333 4546 1610 4602; x_wconf 88' lang='lat' dir='ltr'><strong>creaturis</strong></span> <span class='ocrx_word' id='word_1_664' title='bbox 1632 4547 1887 4618; x_wconf 87' lang='lat' dir='ltr'><strong>religiose</strong></span> <span class='ocrx_word' id='word_1_665' title='bbox 1908 4551 2102 4606; x_wconf 76' lang='lat' dir='ltr'><strong>obser-</strong></span> 
     </span>
    </p>
   </div>
   <div class='ocr_carea' id='block_1_93' title="bbox 534 4634 2107 4714">
    <p class='ocr_par' dir='ltr' id='par_1_93' title="bbox 534 4634 2107 4714">
     <span class='ocr_line' id='line_1_93' title="bbox 534 4634 2107 4714; baseline 0.008 -27"><span class='ocrx_word' id='word_1_666' title='bbox 534 4641 712 4688; x_wconf 82' lang='lat' dir='ltr'><strong>vetur.</strong></span> <span class='ocrx_word' id='word_1_667' title='bbox 736 4634 864 4688; x_wconf 64' lang='lat' dir='ltr'><strong>Hine</strong></span> <span class='ocrx_word' id='word_1_668' title='bbox 895 4643 1079 4689; x_wconf 89' lang='lat' dir='ltr'><strong>autem</strong></span> <span class='ocrx_word' id='word_1_669' title='bbox 1131 4649 1242 4690; x_wconf 89' lang='lat' dir='ltr'><strong>non</strong></span> <span class='ocrx_word' id='word_1_670' title='bbox 1275 4636 1573 4693; x_wconf 88' lang='lat' dir='ltr'><strong>obscurum</strong></span> <span class='ocrx_word' id='word_1_671' title='bbox 1629 4646 1715 4697; x_wconf 88' lang='lat' dir='ltr'><strong>est</strong></span> <span class='ocrx_word' id='word_1_672' title='bbox 1751 4640 1821 4695; x_wconf 88' lang='lat' dir='ltr'><strong>ad</strong></span> <span class='ocrx_word' id='word_1_673' title='bbox 1873 4639 2107 4714; x_wconf 84' lang='lat' dir='ltr'><strong>Babylo-</strong></span> 
     </span>
    </p>
   </div>
   <div class='ocr_carea' id='block_1_94' title="bbox 537 4726 2107 4806">
    <p class='ocr_par' dir='ltr' id='par_1_94' title="bbox 537 4726 2107 4806">
     <span class='ocr_line' id='line_1_94' title="bbox 537 4726 2107 4806; baseline 0.008 -25"><span class='ocrx_word' id='word_1_674' title='bbox 537 4726 690 4782; x_wconf 90' lang='lat' dir='ltr'><strong>nium</strong></span> <span class='ocrx_word' id='word_1_675' title='bbox 710 4726 857 4783; x_wconf 89' lang='lat' dir='ltr'><strong>dicta</strong></span> <span class='ocrx_word' id='word_1_676' title='bbox 887 4727 1080 4787; x_wconf 76' lang='lat' dir='ltr'><strong>fuisse.</strong></span> <span class='ocrx_word' id='word_1_677' title='bbox 1108 4728 1203 4797; x_wconf 90' lang='lat' dir='ltr'><strong>qui</strong></span> <span class='ocrx_word' id='word_1_678' title='bbox 1234 4728 1404 4785; x_wconf 90' lang='lat' dir='ltr'><strong>Deum</strong></span> <span class='ocrx_word' id='word_1_679' title='bbox 1437 4746 1626 4787; x_wconf 82' lang='lat' dir='ltr'><strong>verum</strong></span> <span class='ocrx_word' id='word_1_680' title='bbox 1652 4735 2107 4806; x_wconf 81' lang='lat' dir='ltr'><strong>contempsisset,</strong></span> 
     </span>
    </p>
   </div>
   <div class='ocr_carea' id='block_1_95' title="bbox 536 4818 2108 4896">
    <p class='ocr_par' dir='ltr' id='par_1_95' title="bbox 536 4818 2108 4896">
     <span class='ocr_line' id='line_1_95' title="bbox 536 4818 2108 4896; baseline 0.008 -27"><span class='ocrx_word' id='word_1_681' title='bbox 536 4825 592 4870; x_wconf 91' lang='lat' dir='ltr'><strong>et</strong></span> <span class='ocrx_word' id='word_1_682' title='bbox 619 4818 866 4873; x_wconf 84' lang='lat' dir='ltr'><strong>divinum</strong></span> <span class='ocrx_word' id='word_1_683' title='bbox 899 4819 1021 4889; x_wconf 91' lang='lat' dir='ltr'><strong>ejus</strong></span> <span class='ocrx_word' id='word_1_684' title='bbox 1050 4819 1312 4888; x_wconf 88' lang='lat' dir='ltr'><strong>templum</strong></span> <span class='ocrx_word' id='word_1_685' title='bbox 1356 4821 1697 4880; x_wconf 89' lang='lat' dir='ltr'><strong>incendisset</strong></span> <span class='ocrx_word' id='word_1_686' title='bbox 1752 4825 1886 4896; x_wconf 83' lang='lat' dir='ltr'><strong>igni,</strong></span> <span class='ocrx_word' id='word_1_687' title='bbox 1939 4835 2108 4896; x_wconf 88' lang='lat' dir='ltr'><strong>atque</strong></span> 
     </span>
    </p>
   </div>
   <div class='ocr_carea' id='block_1_96' title="bbox 539 4904 2106 4986">
    <p class='ocr_par' dir='ltr' id='par_1_96' title="bbox 539 4904 2106 4986">
     <span class='ocr_line' id='line_1_96' title="bbox 539 4904 2106 4986; baseline 0.011 -29"><span class='ocrx_word' id='word_1_688' title='bbox 539 4904 683 4961; x_wconf 88' lang='lat' dir='ltr'><strong>idola</strong></span> <span class='ocrx_word' id='word_1_689' title='bbox 718 4908 955 4963; x_wconf 87' lang='lat' dir='ltr'><strong>humana</strong></span> <span class='ocrx_word' id='word_1_690' title='bbox 990 4925 1155 4963; x_wconf 85' lang='lat' dir='ltr'><strong>manu</strong></span> <span class='ocrx_word' id='word_1_691' title='bbox 1202 4910 1349 4967; x_wconf 80' lang='lat' dir='ltr'><strong>facta</strong></span> <span class='ocrx_word' id='word_1_692' title='bbox 1381 4914 1535 4968; x_wconf 89' lang='lat' dir='ltr'><strong>omni</strong></span> <span class='ocrx_word' id='word_1_693' title='bbox 1581 4915 1733 4970; x_wconf 92' lang='lat' dir='ltr'><strong>cultu</strong></span> <span class='ocrx_word' id='word_1_694' title='bbox 1776 4930 2106 4986; x_wconf 89' lang='lat' dir='ltr'><strong>prosecutus</strong></span> 
     </span>
    </p>
   </div>
   <div class='ocr_carea' id='block_1_97' title="bbox 536 4994 2110 5079">
    <p class='ocr_par' dir='ltr' id='par_1_97' title="bbox 536 4994 2110 5079">
     <span class='ocr_line' id='line_1_97' title="bbox 536 4994 2110 5079; baseline 0.013 -31"><span class='ocrx_word' id='word_1_695' title='bbox 536 5003 703 5051; x_wconf 85' lang='lat' dir='ltr'><strong>esset.</strong></span> <span class='ocrx_word' id='word_1_696' title='bbox 734 4994 872 5052; x_wconf 88' lang='lat' dir='ltr'><strong>Cum</strong></span> <span class='ocrx_word' id='word_1_697' title='bbox 899 5000 968 5053; x_wconf 86' lang='lat' dir='ltr'><strong>ad</strong></span> <span class='ocrx_word' id='word_1_698' title='bbox 1005 5000 1151 5056; x_wconf 85' lang='lat' dir='ltr'><strong>hunc</strong></span> <span class='ocrx_word' id='word_1_699' title='bbox 1176 5003 1397 5059; x_wconf 86' lang='lat' dir='ltr'><strong>modum</strong></span> <span class='ocrx_word' id='word_1_700' title='bbox 1442 5005 1639 5063; x_wconf 85' lang='lat' dir='ltr'><strong>beatus</strong></span> <span class='ocrx_word' id='word_1_701' title='bbox 1672 5008 1943 5079; x_wconf 85' lang='lat' dir='ltr'><strong>propheta</strong></span> <span class='ocrx_word' id='word_1_702' title='bbox 1980 5025 2110 5067; x_wconf 89' lang='lat' dir='ltr'><strong>ora-</strong></span> 
     </span>
    </p>
   </div>
   <div class='ocr_carea' id='block_1_98' title="bbox 537 5082 2109 5171">
    <p class='ocr_par' dir='ltr' id='par_1_98' title="bbox 537 5082 2109 5171">
     <span class='ocr_line' id='line_1_98' title="bbox 537 5082 2109 5171; baseline 0.013 -34"><span class='ocrx_word' id='word_1_703' title='bbox 537 5083 709 5142; x_wconf 85' lang='lat' dir='ltr'><strong>tionis</strong></span> <span class='ocrx_word' id='word_1_704' title='bbox 752 5086 1129 5147; x_wconf 86' lang='lat' dir='ltr'><strong>characterem</strong></span> <span class='ocrx_word' id='word_1_705' title='bbox 1198 5094 1525 5161; x_wconf 81' lang='lat' dir='ltr'><strong>ellinxisset,</strong></span> <span class='ocrx_word' id='word_1_706' title='bbox 1582 5082 1992 5171; x_wconf 12' lang='lat' dir='ltr'><strong>for’massetque</strong></span> <span class='ocrx_word' id='word_1_707' title='bbox 2053 5103 2109 5158; x_wconf 91' lang='lat' dir='ltr'><strong>in</strong></span> 
     </span>
    </p>
   </div>
   <div class='ocr_carea' id='block_1_99' title="bbox 539 5176 2109 5257">
    <p class='ocr_par' dir='ltr' id='par_1_99' title="bbox 539 5176 2109 5257">
     <span class='ocr_line' id='line_1_99' title="bbox 539 5176 2109 5257; baseline 0.012 -28"><span class='ocrx_word' id='word_1_708' title='bbox 539 5176 1031 5249; x_wconf 82' lang='lat' dir='ltr'><strong>interrogationem</strong></span> <span class='ocrx_word' id='word_1_709' title='bbox 1078 5192 1132 5239; x_wconf 90' lang='lat' dir='ltr'><strong>et</strong></span> <span class='ocrx_word' id='word_1_710' title='bbox 1180 5188 1638 5257; x_wconf 89' lang='lat' dir='ltr'><strong>responsionem,</strong></span> <span class='ocrx_word' id='word_1_711' title='bbox 1697 5191 2109 5249; x_wconf 89' lang='lat' dir='ltr'><strong>dubitationum</strong></span> 
     </span>
    </p>
   </div>
   <div class='ocr_carea' id='block_1_100' title="bbox 540 5272 2109 5358">
    <p class='ocr_par' dir='ltr' id='par_1_100' title="bbox 540 5272 2109 5358">
     <span class='ocr_line' id='line_1_100' title="bbox 540 5272 2109 5358; baseline 0.013 -36"><span class='ocrx_word' id='word_1_712' title='bbox 540 5272 971 5341; x_wconf 88' lang='lat' dir='ltr'><strong>propositionem</strong></span> <span class='ocrx_word' id='word_1_713' title='bbox 997 5284 1052 5330; x_wconf 90' lang='lat' dir='ltr'><strong>et</strong></span> <span class='ocrx_word' id='word_1_714' title='bbox 1090 5280 1450 5348; x_wconf 67' lang='lat' dir='ltr'><strong>qumsitorum</strong></span> <span class='ocrx_word' id='word_1_715' title='bbox 1491 5282 1851 5351; x_wconf 87' lang='lat' dir='ltr'><strong>solutionem,</strong></span> <span class='ocrx_word' id='word_1_716' title='bbox 1902 5284 2109 5358; x_wconf 91' lang='lat' dir='ltr'><strong>Deique</strong></span> 
     </span>
    </p>
   </div>
   <div class='ocr_carea' id='block_1_101' title="bbox 2206 4548 3704 4629">
    <p class='ocr_par' dir='ltr' id='par_1_101' title="bbox 2206 4548 3704 4629">
     <span class='ocr_line' id='line_1_101' title="bbox 2206 4548 3704 4629; baseline -0.007 -18"><span class='ocrx_word' id='word_1_717' title='bbox 2206 4556 2383 4613; x_wconf 81' lang='grc' dir='ltr'>ταῦτα</span> <span class='ocrx_word' id='word_1_718' title='bbox 2423 4558 2481 4612; x_wconf 85' lang='grc' dir='ltr'>δὲ</span> <span class='ocrx_word' id='word_1_719' title='bbox 2523 4559 2702 4629; x_wconf 85' lang='grc' dir='ltr'>δῆλον,</span> <span class='ocrx_word' id='word_1_720' title='bbox 2738 4559 2814 4621; x_wconf 85' lang='grc' dir='ltr'>ὡς</span> <span class='ocrx_word' id='word_1_721' title='bbox 2851 4556 2991 4629; x_wconf 86' lang='grc' dir='ltr'>πρὸς</span> <span class='ocrx_word' id='word_1_722' title='bbox 3032 4557 3127 4612; x_wconf 78' lang='grc' dir='ltr'>τὸν</span> <span class='ocrx_word' id='word_1_723' title='bbox 3166 4553 3493 4609; x_wconf 84' lang='grc' dir='ltr'>Βαϐυλώνιον</span> <span class='ocrx_word' id='word_1_724' title='bbox 3528 4548 3704 4619; x_wconf 73' lang='grc' dir='ltr'>εἴρηται,</span> 
     </span>
    </p>
   </div>
   <div class='ocr_carea' id='block_1_102' title="bbox 2209 4637 3703 4720">
    <p class='ocr_par' dir='ltr' id='par_1_102' title="bbox 2209 4637 3703 4720">
     <span class='ocr_line' id='line_1_102' title="bbox 2209 4637 3703 4720; baseline -0.044 29"><span class='ocrx_word' id='word_1_725' title='bbox 2209 4651 2697 4720; x_wconf 64' lang='grc' dir='ltr'><strong>καταφρονήσαντα</strong></span> <span class='ocrx_word' id='word_1_726' title='bbox 2732 4649 2831 4719; x_wconf 66' lang='grc' dir='ltr'><strong>μὲν</strong></span> <span class='ocrx_word' id='word_1_727' title='bbox 2856 4647 2951 4701; x_wconf 72' lang='grc' dir='ltr'><strong>τοῧ</strong></span> <span class='ocrx_word' id='word_1_728' title='bbox 2994 4648 3148 4710; x_wconf 67' lang='grc' dir='ltr'><strong>ὄντος</strong></span> <span class='ocrx_word' id='word_1_729' title='bbox 3185 4645 3343 4709; x_wconf 78' lang='grc' dir='ltr'>Θεοῦ,</span> <span class='ocrx_word' id='word_1_730' title='bbox 3384 4640 3576 4697; x_wconf 74' lang='grc' dir='ltr'>καὶτὸν</span> <span class='ocrx_word' id='word_1_731' title='bbox 3606 4637 3703 4687; x_wconf 67' lang='grc' dir='ltr'>θεῖον</span> 
     </span>
    </p>
   </div>
   <div class='ocr_carea' id='block_1_103' title="bbox 2209 4726 3703 4813">
    <p class='ocr_par' dir='ltr' id='par_1_103' title="bbox 2209 4726 3703 4813">
     <span class='ocr_line' id='line_1_103' title="bbox 2209 4726 3703 4813; baseline -0.008 -19"><span class='ocrx_word' id='word_1_732' title='bbox 2209 4739 2375 4795; x_wconf 83' lang='grc' dir='ltr'>αὐτοῦ</span> <span class='ocrx_word' id='word_1_733' title='bbox 2406 4738 2540 4794; x_wconf 88' lang='grc' dir='ltr'>νεὼν</span> <span class='ocrx_word' id='word_1_734' title='bbox 2575 4739 2994 4813; x_wconf 80' lang='grc' dir='ltr'>παραδεδωκότα</span> <span class='ocrx_word' id='word_1_735' title='bbox 3034 4738 3116 4808; x_wconf 79' lang='grc' dir='ltr'><strong>τῷ</strong></span> <span class='ocrx_word' id='word_1_736' title='bbox 3146 4739 3190 4770; x_wconf 83' lang='grc'><strong>¹³</strong></span> <span class='ocrx_word' id='word_1_737' title='bbox 3242 4738 3396 4808; x_wconf 79' lang='grc' dir='ltr'>πυρὶ,</span> <span class='ocrx_word' id='word_1_738' title='bbox 3429 4736 3529 4797; x_wconf 85' lang='grc' dir='ltr'>τοῖς</span> <span class='ocrx_word' id='word_1_739' title='bbox 3562 4730 3607 4783; x_wconf 79' lang='grc' dir='ltr'>δὲ</span> <span class='ocrx_word' id='word_1_740' title='bbox 3642 4726 3703 4778; x_wconf 60' lang='grc' dir='ltr'><strong>ὑπ’</strong></span> 
     </span>
    </p>
   </div>
   <div class='ocr_carea' id='block_1_104' title="bbox 2207 4823 3704 4904">
    <p class='ocr_par' dir='ltr' id='par_1_104' title="bbox 2207 4823 3704 4904">
     <span class='ocr_line' id='line_1_104' title="bbox 2207 4823 3704 4904; baseline -0.009 -19"><span class='ocrx_word' id='word_1_741' title='bbox 2207 4831 2555 4903; x_wconf 87' lang='grc' dir='ltr'>ἀνθρωπείας</span> <span class='ocrx_word' id='word_1_742' title='bbox 2576 4832 2759 4904; x_wconf 79' lang='grc' dir='ltr'>χειρὸς</span> <span class='ocrx_word' id='word_1_743' title='bbox 2781 4833 3313 4901; x_wconf 77' lang='grc' dir='ltr'>κατεσκευασμένοις</span> <span class='ocrx_word' id='word_1_744' title='bbox 3334 4828 3553 4887; x_wconf 76' lang='grc' dir='ltr'>εἰδώλοις</span> <span class='ocrx_word' id='word_1_745' title='bbox 3576 4823 3704 4874; x_wconf 70' lang='grc' dir='ltr'>πᾶσαν</span> 
     </span>
    </p>
   </div>
   <div class='ocr_carea' id='block_1_105' title="bbox 2208 4917 3704 4996">
    <p class='ocr_par' dir='ltr' id='par_1_105' title="bbox 2208 4917 3704 4996">
     <span class='ocr_line' id='line_1_105' title="bbox 2208 4917 3704 4996; baseline 0.002 -19"><span class='ocrx_word' id='word_1_746' title='bbox 2208 4923 2583 4996; x_wconf 80' lang='grc' dir='ltr'>ἀπονείμαντα</span> <span class='ocrx_word' id='word_1_747' title='bbox 2613 4924 2933 4995; x_wconf 85' lang='grc' dir='ltr'>θεραπείαν.</span> <span class='ocrx_word' id='word_1_748' title='bbox 2989 4923 3148 4979; x_wconf 79' lang='grc' dir='ltr'>Οὕτω</span> <span class='ocrx_word' id='word_1_749' title='bbox 3181 4918 3548 4992; x_wconf 76' lang='grc' dir='ltr'>διαμορφώσας</span> <span class='ocrx_word' id='word_1_750' title='bbox 3574 4917 3598 4968; x_wconf 72' lang='grc' dir='ltr'>ὁ</span> <span class='ocrx_word' id='word_1_751' title='bbox 3633 4927 3704 4980; x_wconf 66' lang='grc' dir='ltr'><strong>μα’</strong></span> 
     </span>
    </p>
   </div>
   <div class='ocr_carea' id='block_1_106' title="bbox 2209 5001 3703 5104">
    <p class='ocr_par' dir='ltr' id='par_1_106' title="bbox 2209 5001 3703 5104">
     <span class='ocr_line' id='line_1_106' title="bbox 2209 5001 3703 5104; baseline -0.005 -35"><span class='ocrx_word' id='word_1_752' title='bbox 2209 5013 2400 5084; x_wconf 80' lang='grc' dir='ltr'>κάριος</span> <span class='ocrx_word' id='word_1_753' title='bbox 2446 5016 2732 5086; x_wconf 79' lang='grc' dir='ltr'>προφήτης</span> <span class='ocrx_word' id='word_1_754' title='bbox 2790 5014 2885 5069; x_wconf 80' lang='grc' dir='ltr'><strong>τοῦ</strong></span> <span class='ocrx_word' id='word_1_755' title='bbox 2935 5015 3097 5084; x_wconf 85' lang='grc' dir='ltr'>λόγου</span> <span class='ocrx_word' id='word_1_756' title='bbox 3143 5015 3232 5068; x_wconf 84' lang='grc' dir='ltr'>τὸν</span> <span class='ocrx_word' id='word_1_757' title='bbox 3282 5010 3606 5104; x_wconf 56' lang='grc' dir='ltr'>χαρακτῆρα,</span> <span class='ocrx_word' id='word_1_758' title='bbox 3642 5001 3703 5104; x_wconf 46' lang='lat' dir='ltr'><strong>ﬁt.“</strong></span> 
     </span>
    </p>
   </div>
   <div class='ocr_carea' id='block_1_107' title="bbox 2210 5099 3702 5188">
    <p class='ocr_par' dir='ltr' id='par_1_107' title="bbox 2210 5099 3702 5188">
     <span class='ocr_line' id='line_1_107' title="bbox 2210 5099 3702 5188; baseline -0.005 -32"><span class='ocrx_word' id='word_1_759' title='bbox 2210 5103 2552 5173; x_wconf 87' lang='grc' dir='ltr'>σχηματίσας</span> <span class='ocrx_word' id='word_1_760' title='bbox 2580 5105 2658 5167; x_wconf 84' lang='grc' dir='ltr'>εἰς</span> <span class='ocrx_word' id='word_1_761' title='bbox 2694 5104 2962 5176; x_wconf 78' lang='grc' dir='ltr'>ἐρώτησιν</span> <span class='ocrx_word' id='word_1_762' title='bbox 2988 5105 3083 5157; x_wconf 76' lang='grc' dir='ltr'><strong>καὶ</strong></span> <span class='ocrx_word' id='word_1_763' title='bbox 3114 5105 3424 5174; x_wconf 83' lang='grc' dir='ltr'>ἀπόκρισιν,</span> <span class='ocrx_word' id='word_1_764' title='bbox 3452 5102 3521 5161; x_wconf 85' lang='grc' dir='ltr'><strong>εἰς</strong></span> 
     </span>
    </p>
   </div>
   <div class='ocr_carea' id='block_1_108' title="bbox 2208 5186 3703 5266">
    <p class='ocr_par' dir='ltr' id='par_1_108' title="bbox 2208 5186 3703 5266">
     <span class='ocr_line' id='line_1_108' title="bbox 2208 5186 3703 5266; baseline -0.012 -18"><span class='ocrx_word' id='word_1_765' title='bbox 2208 5211 2367 5265; x_wconf 84' lang='grc' dir='ltr'>ρησιν</span> <span class='ocrx_word' id='word_1_766' title='bbox 2389 5195 2483 5248; x_wconf 68' lang='grc' dir='ltr'><strong>καλ⁵</strong></span> <span class='ocrx_word' id='word_1_767' title='bbox 2507 5194 2661 5248; x_wconf 87' lang='grc' dir='ltr'>λύσιν</span> <span class='ocrx_word' id='word_1_768' title='bbox 2680 5194 2790 5248; x_wconf 86' lang='grc' dir='ltr'>τῶν</span> <span class='ocrx_word' id='word_1_769' title='bbox 2815 5196 3183 5266; x_wconf 82' lang='grc' dir='ltr'>ζητουμένων,</span> <span class='ocrx_word' id='word_1_770' title='bbox 3213 5194 3310 5249; x_wconf 78' lang='grc' dir='ltr'>καὶ</span> <span class='ocrx_word' id='word_1_771' title='bbox 3332 5192 3498 5256; x_wconf 79' lang='grc' dir='ltr'>δείξας</span> <span class='ocrx_word' id='word_1_772' title='bbox 3521 5187 3593 5240; x_wconf 77' lang='grc' dir='ltr'>τοὺ</span> <span class='ocrx_word' id='word_1_773' title='bbox 3608 5186 3703 5236; x_wconf 69' lang='grc' dir='ltr'>θεοῦ</span> 
     </span>
    </p>
   </div>
   <div class='ocr_carea' id='block_1_109' title="bbox 2205 5276 3700 5358">
    <p class='ocr_par' dir='ltr' id='par_1_109' title="bbox 2205 5276 3700 5358">
     <span class='ocr_line' id='line_1_109' title="bbox 2205 5276 3700 5358; baseline -0.002 -19"><span class='ocrx_word' id='word_1_774' title='bbox 2205 5287 2265 5340; x_wconf 82' lang='grc' dir='ltr'>τὸ</span> <span class='ocrx_word' id='word_1_775' title='bbox 2288 5287 2514 5355; x_wconf 84' lang='grc' dir='ltr'>δίκαιον,</span> <span class='ocrx_word' id='word_1_776' title='bbox 2546 5287 2641 5342; x_wconf 73' lang='grc' dir='ltr'>καὶ</span> <span class='ocrx_word' id='word_1_777' title='bbox 2664 5289 2811 5353; x_wconf 83' lang='grc' dir='ltr'>ὅπως</span> <span class='ocrx_word' id='word_1_778' title='bbox 2844 5287 3126 5352; x_wconf 81' lang='grc' dir='ltr'>Ἰουδαίους</span> <span class='ocrx_word' id='word_1_779' title='bbox 3159 5287 3257 5358; x_wconf 83' lang='grc' dir='ltr'>μὲν</span> <span class='ocrx_word' id='word_1_780' title='bbox 3287 5284 3373 5339; x_wconf 82' lang='grc' dir='ltr'>διὰ</span> <span class='ocrx_word' id='word_1_781' title='bbox 3395 5276 3700 5337; x_wconf 76' lang='grc' dir='ltr'>Βαϐυλωνίων»</span> 
     </span>
    </p>
   </div>
   <div class='ocr_carea' id='block_1_110' title="bbox 1837 5494 2526 5562">
    <p class='ocr_par' dir='ltr' id='par_1_110' title="bbox 1837 5494 2526 5562">
     <span class='ocr_line' id='line_1_110' title="bbox 1837 5494 2526 5562; baseline 0.009 -6"><span class='ocrx_word' id='word_1_782' title='bbox 1837 5494 2070 5560; x_wconf 65' lang='lat' dir='ltr'><strong>VARIIE</strong></span> <span class='ocrx_word' id='word_1_783' title='bbox 2112 5504 2407 5562; x_wconf 73' lang='lat' dir='ltr'><strong>LECTION</strong></span> <span class='ocrx_word' id='word_1_784' title='bbox 2425 5504 2526 5562; x_wconf 84' lang='lat' dir='ltr'><strong>ES.</strong></span> 
     </span>
    </p>
   </div>
   <div class='ocr_carea' id='block_1_111' title="bbox 642 5643 1695 5717">
    <p class='ocr_par' dir='ltr' id='par_1_111' title="bbox 642 5643 1695 5717">
     <span class='ocr_line' id='line_1_111' title="bbox 642 5643 1695 5717; baseline 0.009 -22"><span class='ocrx_word' id='word_1_785' title='bbox 642 5643 840 5717; x_wconf 23' lang='grc' dir='ltr'>δάδιασ.</span> <span class='ocrx_word' id='word_1_786' title='bbox 890 5647 965 5701; x_wconf 83' lang='lat' dir='ltr'><strong>lta</strong></span> <span class='ocrx_word' id='word_1_787' title='bbox 1011 5650 1226 5717; x_wconf 76' lang='lat' dir='ltr'><strong>quidem</strong></span> <span class='ocrx_word' id='word_1_788' title='bbox 1281 5655 1345 5711; x_wconf 72' lang='grc' dir='ltr'>Α,</span> <span class='ocrx_word' id='word_1_789' title='bbox 1400 5651 1491 5705; x_wconf 82' lang='lat' dir='ltr'><strong>sed</strong></span> <span class='ocrx_word' id='word_1_790' title='bbox 1549 5651 1588 5704; x_wconf 70' lang='grc' dir='ltr'><strong>(ἶ</strong></span> <span class='ocrx_word' id='word_1_791' title='bbox 1633 5654 1695 5705; x_wconf 75' lang='grc' dir='ltr'>σὺ</span> 
     </span>
    </p>
   </div>
   <div class='ocr_carea' id='block_1_112' title="bbox 546 5706 1727 5775">
    <p class='ocr_par' dir='ltr' id='par_1_112' title="bbox 546 5706 1727 5775">
     <span class='ocr_line' id='line_1_112' title="bbox 546 5706 1727 5775; baseline 0.01 -12"><span class='ocrx_word' id='word_1_792' title='bbox 546 5706 563 5737; x_wconf 81' lang='grc'><strong>⁷</strong></span> <span class='ocrx_word' id='word_1_793' title='bbox 598 5715 643 5766; x_wconf 76' lang='grc' dir='ltr'><strong>Δ</strong></span> <span class='ocrx_word' id='word_1_794' title='bbox 677 5714 926 5773; x_wconf 58' lang='grc' dir='ltr'>ἔπλει-ξεν.</span> <span class='ocrx_word' id='word_1_795' title='bbox 1024 5706 1046 5752; x_wconf 62' lang='grc' dir='ltr'><strong>ί</strong></span> <span class='ocrx_word' id='word_1_796' title='bbox 1084 5723 1193 5773; x_wconf 80' lang='grc' dir='ltr'>καί.</span> <span class='ocrx_word' id='word_1_797' title='bbox 1231 5706 1352 5775; x_wconf 72' lang='lat' dir='ltr'><strong>Des.</strong></span> <span class='ocrx_word' id='word_1_798' title='bbox 1379 5722 1430 5775; x_wconf 87' lang='lat' dir='ltr'><strong>in</strong></span> <span class='ocrx_word' id='word_1_799' title='bbox 1460 5722 1521 5773; x_wconf 81' lang='grc' dir='ltr'>Δ.</span> <span class='ocrx_word' id='word_1_800' title='bbox 1602 5724 1622 5753; x_wconf 65' lang='lat'><strong>9</strong></span> <span class='ocrx_word' id='word_1_801' title='bbox 1646 5724 1727 5775; x_wconf 77' lang='grc' dir='ltr'>ἐκ.</span> 
     </span>
    </p>
   </div>
   <div class='ocr_carea' id='block_1_113' title="bbox 1820 5656 2305 5724">
    <p class='ocr_par' dir='ltr' id='par_1_113' title="bbox 1820 5656 2305 5724">
     <span class='ocr_line' id='line_1_113' title="bbox 1820 5656 2305 5724; baseline 0.012 -17"><span class='ocrx_word' id='word_1_802' title='bbox 1820 5656 1937 5722; x_wconf 79' lang='grc' dir='ltr'>ρδία</span> <span class='ocrx_word' id='word_1_803' title='bbox 2002 5656 2305 5724; x_wconf 69' lang='grc' dir='ltr'>σαλεύοητι.</span> 
     </span>
    </p>
   </div>
   <div class='ocr_carea' id='block_1_114' title="bbox 1806 5726 2379 5799">
    <p class='ocr_par' dir='ltr' id='par_1_114' title="bbox 1806 5726 2379 5799">
     <span class='ocr_line' id='line_1_114' title="bbox 1806 5726 2379 5799; baseline 0.007 -22"><span class='ocrx_word' id='word_1_804' title='bbox 1806 5742 1883 5778; x_wconf 76' lang='lat' dir='ltr'><strong>es.</strong></span> <span class='ocrx_word' id='word_1_805' title='bbox 1918 5726 1990 5779; x_wconf 68' lang='lat' dir='ltr'><strong>ili.</strong></span> <span class='ocrx_word' id='word_1_806' title='bbox 2073 5729 2113 5758; x_wconf 75' lang='lat'><strong>“‘</strong></span> <span class='ocrx_word' id='word_1_807' title='bbox 2147 5729 2185 5780; x_wconf 81' lang='grc' dir='ltr'>Λ</span> <span class='ocrx_word' id='word_1_808' title='bbox 2217 5727 2379 5799; x_wconf 73' lang='grc' dir='ltr'>αὐτῷ.</span> 
     </span>
    </p>
   </div>
   <div class='ocr_carea' id='block_1_115' title="bbox 2410 5654 3692 5740">
    <p class='ocr_par' dir='ltr' id='par_1_115' title="bbox 2410 5654 3692 5740">
     <span class='ocr_line' id='line_1_115' title="bbox 2410 5654 3692 5740; baseline -0.002 -29"><span class='ocrx_word' id='word_1_809' title='bbox 2410 5661 2428 5689; x_wconf 78' lang='grc'><strong><em>⁵</em></strong></span> <span class='ocrx_word' id='word_1_810' title='bbox 2464 5659 2786 5740; x_wconf 38' lang='lat' dir='ltr'><strong>xui—169:5.</strong></span> <span class='ocrx_word' id='word_1_811' title='bbox 2827 5679 2937 5740; x_wconf 81' lang='grc' dir='ltr'>σου.</span> <span class='ocrx_word' id='word_1_812' title='bbox 2982 5662 3103 5740; x_wconf 73' lang='lat' dir='ltr'><strong>lies.</strong></span> <span class='ocrx_word' id='word_1_813' title='bbox 3143 5667 3196 5740; x_wconf 79' lang='lat' dir='ltr'><strong>in</strong></span> <span class='ocrx_word' id='word_1_814' title='bbox 3344 5665 3410 5740; x_wconf 32' lang='grc' dir='ltr'><strong>ἥδ</strong></span> <span class='ocrx_word' id='word_1_815' title='bbox 3442 5654 3692 5740; x_wconf 26' lang='grc' dir='ltr'><strong>Αένλειύτῇ</strong></span> 
     </span>
    </p>
   </div>
   <div class='ocr_carea' id='block_1_116' title="bbox 2498 5730 3610 5804">
    <p class='ocr_par' dir='ltr' id='par_1_116' title="bbox 2498 5730 3610 5804">
     <span class='ocr_line' id='line_1_116' title="bbox 2498 5730 3610 5804; baseline -0.004 -21"><span class='ocrx_word' id='word_1_816' title='bbox 2498 5730 2536 5760; x_wconf 86' lang='grc'><strong>¹¹</strong></span> <span class='ocrx_word' id='word_1_817' title='bbox 2573 5730 2682 5783; x_wconf 79' lang='grc' dir='ltr'>καί.</span> <span class='ocrx_word' id='word_1_818' title='bbox 2724 5731 2844 5788; x_wconf 81' lang='lat' dir='ltr'><strong>Des.</strong></span> <span class='ocrx_word' id='word_1_819' title='bbox 2888 5735 2940 5787; x_wconf 91' lang='lat' dir='ltr'><strong>in</strong></span> <span class='ocrx_word' id='word_1_820' title='bbox 2970 5735 3033 5786; x_wconf 84' lang='lat' dir='ltr'><strong>A.</strong></span> <span class='ocrx_word' id='word_1_821' title='bbox 3141 5736 3182 5766; x_wconf 83' lang='grc'><strong>¹³</strong></span> <span class='ocrx_word' id='word_1_822' title='bbox 3212 5734 3306 5804; x_wconf 78' lang='grc' dir='ltr'>τῷ.</span> <span class='ocrx_word' id='word_1_823' title='bbox 3344 5733 3458 5788; x_wconf 77' lang='lat' dir='ltr'><strong>Des.</strong></span> <span class='ocrx_word' id='word_1_824' title='bbox 3491 5731 3537 5784; x_wconf 89' lang='lat' dir='ltr'><strong>in</strong></span> <span class='ocrx_word' id='word_1_825' title='bbox 3559 5730 3610 5781; x_wconf 64' lang='grc' dir='ltr'><strong>(ἓ.</strong></span> 
     </span>
    </p>
   </div>
  </div>
