3956 6202
459 309 593 379 1827
639 277 645 284 ’

1457 309 1942 374 THEODORETI
1981 313 2318 376 EPISCOPI
2357 313 2719 379 CYRENSIS
2777 273 2781 284 ¹

3578 318 3697 389 1323

458 428 820 493 monstravit,
848 425 942 483 sed
974 425 1141 481 etiam
1174 425 1226 480 vi
1255 410 1650 480 miraculorum
1677 427 1948 482 editorum
1971 429 2026 482 in

2149 428 2271 492 ἱειξε
2306 427 2406 499 τὴν
2433 426 2859 500 ἁλήθειαν,ἀλλὰ
2886 427 3061 501 καὶτῇ
3089 429 3318 501 δυνάμει
3347 431 3449 503 τῆς
3471 432 3699 506 θαυματ-

457 521 819 579 admiratione
834 533 1050 574 omnem
1073 517 1319 588 linguam
1337 517 1626 573 excitavit:
1652 519 1800 589 quod
1827 529 2036 574 utrum-

457 629 565 684 que
599 611 760 675 lecit,
817 611 1076 679 quoniam
1119 606 1388 662 acerrime
1434 617 1689 663 naturam
1737 609 2035 665 humanam

457 707 692 769 dilexit;
749 702 800 755 id
861 700 1008 770 quod
1063 700 1332 756 Dominus
1384 701 1503 769 ipse
1555 701 1696 755 dixit
1748 701 1804 756 in
1861 702 2038 758 sacris

459 795 774 868 Evangeliis
804 814 816 848 :
845 812 863 845 ι
889 793 1000 864 Ego
1035 809 1155 848 sum
1186 802 1375 864 pastor
1397 795 1576 850 bonus
1598 835 1612 860 ,
1640 795 1818 851 bonus
1849 805 2040 865 pastor

457 889 699 943 animam
732 901 885 941 suam
920 885 1070 957 ponit
1103 900 1202 955 pro
1233 886 1427 940 ovibus
1457 884 1506 939 ά.
1541 905 1559 936 ι
1588 885 1654 939 Et
1685 905 1698 940 :
1730 907 1746 937 ι
1775 886 2036 955 Majorem

459 982 561 1036 hac
599 979 948 1034 dilectionem
991 991 1156 1032 nemo
1195 976 1481 1031 declarare
1521 985 1734 1047 potest,
1773 993 1940 1048 quam
1985 979 2033 1033 si

460 1075 586 1147 quis
617 1073 856 1126 animam
890 1085 1044 1125 suam
1075 1077 1244 1141 ponat
1272 1086 1370 1141 pro
1395 1072 1590 1126 amicis
1622 1072 1740 1128 suis
1776 1083 1821 1126 ο.
1857 1092 1875 1125 ι
1902 1071 2039 1127 Cor-

459 1183 565 1221 nua
594 1173 775 1219 autcm
807 1162 1030 1218 vocavit
1059 1165 1364 1233 potentiam
1387 1204 1402 1228 ,
1435 1165 1699 1234 quoniam
1736 1165 1852 1219 hare
1887 1179 2040 1218 arma

459 1265 586 1314 sunt
618 1255 940 1310 animalium
979 1269 1100 1323 qua:
1136 1254 1241 1310 ista
1293 1255 1522 1311 habent.
1577 1254 1861 1325 Ejusmodi
1919 1265 2038 1322 est,

435 1351 603 1420 \quod
635 1347 831 1402 beatus
883 1345 1053 1400 David
1100 1345 1239 1400 dixit
1275 1364 1288 1400 :
1320 1365 1338 1398 ι
1367 1347 1575 1402 Tecum
1629 1345 1893 1404 inimicos
1942 1363 2042 1404 n0-

460 1450 607 1500 stros
639 1439 1027 1495 ventilabimus
1055 1455 1230 1494 cornu
1274 1439 1318 1492 f.
1351 1458 1370 1493 ι

533 1533 698 1589 Vens.
740 1533 792 1590 5.
834 1551 852 1584 ι
884 1535 1025 1588 Ante
1083 1533 1278 1588 faciem
1337 1534 1461 1603 ejus
1513 1534 1613 1590 ibit
1667 1535 1934 1598 verbum,
1987 1545 2043 1592 et

461 1627 777 1698 egredietur
806 1626 858 1680 in
891 1626 1244 1696 disciplinam
1284 1634 1412 1697 post
1441 1627 1608 1697 pedes
1641 1628 1783 1696 ejus.
1818 1648 1836 1681 ι
1865 1625 2041 1699 Opera

460 1717 606 1771 enim
673 1716 898 1770 verbum
933 1715 1244 1782 antecedit,
1279 1724 1334 1771 et
1382 1717 1562 1772 futura
1616 1719 1921 1788 praedicens
1967 1722 2042 1775 ita

2137 519 2364 590 ουργίας
2421 522 2498 584 είς
2563 520 2816 592 θαύματα
2895 522 3076 574 πᾶσαν
3127 520 3379 590 γλῶτταν
3428 525 3696 596 ἐκίνησεν·

2137 609 2397 679 ἑκάτερον
2424 610 2482 664 δὲ
2512 612 2778 682 πεποίηκε
2807 611 2927 666 λίαν
2954 613 3249 682 ἀγαπήσας
3279 613 3391 667 τῶν
3417 615 3704 687 ἀνθρώπων

2136 699 2236 769 τὴν
2269 700 2428 769 φύσιν
2457 717 2471 733 ·
2518 701 2676 755 τοῦτο
2709 702 2767 756 δὲ
2805 705 2899 756 καὶ
2927 703 3090 767 αὐτὸς
3117 706 3143 757 6
3178 705 3385 776 Κύριος
3413 707 3605 771 ἐντοῖς
3641 711 3706 762 ls-

2143 793 2255 860 ροῖς
2287 790 2639 860 Εὑαγγελίοις
2671 787 2823 845 εἴπεν
2843 809 2856 822 ·
2900 811 2919 843 ι
2958 792 3102 859 Ἐγώ
3123 795 3237 863 είμι
3271 794 3301 846 6
3327 795 3532 866 ποιμὴν
3563 799 3591 850 6
3621 815 3706 852 κα-

2138 883 2226 946 λός
2247 898 2260 913 ⁶
2293 885 2321 938 ὁ
2352 885 2553 954 ποιμὴν
2573 885 2600 937 6
2623 884 2786 948 καλὸς
2815 884 2915 956 τὴν
2939 884 3116 956 ψυχὴν
3144 886 3309 940 αὑτοῦ
3340 887 3554 958 τίθησιν
3583 889 3705 961 ὑπὲρ

2139 975 2246 1029 τῶν
2270 974 2576 1047 προϐάτων.
2612 995 2630 1028 ι
2671 975 2779 1030 Καί
2797 993 2810 1008 ο
2847 996 2866 1028 ι
2893 977 3130 1042 Μείζονα
3156 972 3363 1051 ταύτης
3390 980 3611 1049 ἀγάπην
3635 981 3708 1034 osi-

2139 1064 2250 1128 δεὶς
2281 1064 2501 1118 δύναται
2533 1065 2790 1130 defiat",
2828 1065 2915 1119 ἴνα
2941 1078 3026 1130 τις
3060 1066 3127 1138 θῇ
3145 1068 3186 1098 ²¹
3215 1069 3314 1139 τὴν
3346 1069 3529 1140 ψυχὴν
3557 1069 3708 1126 αὑτοῦ

2141 1157 2278 1229 ὑπὲρ
2327 1156 2438 1210 τῶν
2483 1157 2652 1226 φίλων
2686 1156 2874 1210 αὑτοῦ.
2921 1177 2939 1210 ι
2983 1158 3215 1228 Κέρατα
3245 1157 3304 1212 δὲ
3353 1161 3454 1233 τὴν
3491 1161 3710 1234 ,δύναμιν

2140 1248 2603 1318 προσηγόρευσεν,
2646 1248 2833 1319 ἐπειδὴ
2865 1248 3004 1303 ὅπλα
3028 1250 3204 1304 ταῦτα
3230 1253 3339 1306 τῶν
3371 1256 3711 1326 κεκτημένων

2140 1339 2316 1402 ζώων.
2345 1339 2594 1393 Τοιοῦτόν
2615 1341 2734 1393 ἐστι
2758 1341 2817 1394 τὸ
2841 1343 2945 1395 ὑπὸ
2966 1341 3060 1398 τοῦ
3087 1346 3361 1417 μακάριου
3384 1347 3554 1401 Δασὶδ
3574 1350 3711 1420 εἰρη-

2144 1433 2324 1504 μένον.
2369 1451 2388 1485 ι
2428 1434 2520 1487 Ἑν
2552 1435 2635 1487 σοὶ
2674 1434 2802 1498 τοὺς
2830 1435 3060 1508 ἐχθροὺς
3088 1437 3248 1508 ἡμῶν
3283 1440 3666 1511 κερατιοῦμεν.
3690 1461 3709 1494 ›

2211 1532 2273 1578 ε’.
2321 1544 2340 1576 ι
2372 1525 2484 1596 Πρὸ
2514 1524 2804 1596 προσώπου
2854 1527 3020 1581 αὑτοῦ
3053 1531 3382 1600 πορεύσεται
3418 1533 3597 1601 λόγος.
3632 1536 3717 1588 καὶ

2141 1614 2479 1680 ἐξελεύσεται
2511 1617 2591 1680 είς
2619 1617 2866 1671 παιδείαν
2891 1617 3032 1672 κατὰ
3063 1620 3228 1684 πόδας
3257 1621 3450 1678 αὐτοῦ.
3487 1642 3508 1674 ι
3552 1625 3718 1692 Ἤγεῖ·

2143 1725 2232 1763 ται
2277 1708 2386 1781 γὰρ
2429 1710 2536 1763 τῶν
2583 1710 2758 1782 ἔργων
2801 1713 2829 1764 6
2873 1711 3050 1780 λόγος,
3099 1714 3194 1767 καὶ
3225 1715 3619 1786 προαγορεύων
3658 1716 3718 1768 τὰ

461 1824 550 1865 res
584 1809 798 1864 inducit
832 1807 1021 1863 verbis
1058 1808 1214 1862 valde
1252 1809 1671 1865 convenientes.
1715 1808 1872 1876 Quod
1910 1826 2039 1867 vero

2149 1799 2397 1871 ἐσόμενα,
2424 1801 2596 1864 οὕτως
2619 1801 2816 1869 ἐπάγει
2841 1803 2911 1856 τὰ
2944 1804 3244 1875 πράγματα
3273 1805 3486 1877 σφόδρα
3512 1809 3621 1871 τοῖς
3643 1809 3718 1861 λό-

461 1902 571 1966 ait,
628 1902 682 1953 in
719 1900 1094 1968 disciplinam,
1142 1901 1391 1968 quaedam
1447 1901 1786 1970 exemplaria
1837 1900 2042 1956 habent

461 2009 585 2048 cum
619 1991 681 2046 νῦ
711 2009 726 2046 :
759 2002 813 2047 et
869 1991 1146 2062 significat
1191 1990 1362 2046 Deum
1395 1993 1785 2048 universorum
1823 2001 1878 2048 et
1917 2009 2041 2047 vcr-

463 2086 550 2142 bis
576 2093 630 2140 et
659 2083 920 2156 operibus
948 2082 1013 2138 ad
1047 2083 1398 2154 disciplinam
1432 2083 1642 2154 1552
1669 2086 1952 2140 hominum
1987 2093 2043 2141 et

463 2177 776 2232 doctrinam
817 2191 978 2242 usum
1015 2190 1160 2231 esse.
1203 2175 1322 2229 Alia
1362 2191 1495 2230 vero
1537 2175 1740 2231 habent
1781 2177 1901 2231 sine
1935 2176 2039 2230 νῦι

465 2275 520 2320 et
561 2267 876 2338 significat,
909 2267 1081 2321 multa
1141 2281 1266 2322 cum
1328 2267 1627 2332 facilitate,
1677 2277 1937 2339 tanquam
1986 2269 2041 2322 in

464 2374 660 2428 campo
697 2361 860 2430 plano
895 2368 950 2414 et
987 2358 1286 2414 incitandis
1321 2361 1478 2429 equis
1514 2368 1643 2432 apto
1665 2400 1679 2425 ,
1713 2376 1802 2416 res
1836 2359 2039 2417 decur-

466 2467 586 2507 rere
622 2452 930 2521 prephetiis
963 2451 1350 2521 obsequentes.

542 2541 708 2598 Vens.
745 2543 798 2598 6.
831 2562 848 2595 ι
873 2542 1036 2597 Stetit
1057 2550 1109 2597 et
1134 2551 1405 2597 commota
1429 2551 1514 2600 est
1539 2552 1685 2600 terra
1709 2585 1723 2609 ,
1753 2544 1966 2615 aspexit
1991 2555 2045 2600 et

466 2635 879 2688 contabuerunt
911 2645 1102 2703 gentes
1128 2655 1139 2689 :
1174 2635 1397 2688 contriti
1432 2643 1561 2690 sunt
1591 2644 1807 2690 montes
1838 2635 2046 2689 violen-

469 2725 544 2779 tia
568 2764 583 2787 ,
611 2725 908 2780 tabuerunt
937 2726 1108 2781 colles
1139 2725 1332 2781 saeculi
1367 2725 1658 2781 itincribus
1691 2726 2044 2797 sempiternis

468 2819 614 2889 ejus.
645 2839 662 2871 ι
686 2816 788 2873 Per
813 2820 927 2874 hzec
951 2820 1134 2874 omnia
1163 2827 1344 2873 autem
1372 2817 1461 2872 Dei
1487 2818 1923 2887 inexplicabilem
1947 2833 2045 2888 po—

471 2912 694 2966 tentiam
721 2925 822 2967 nos
849 2911 1056 2966 docuit.
1075 2910 1359 2966 Voluntati
1383 2911 1524 2965 enim
1549 2911 1669 2979 ejus
1696 2925 1835 2980 opus
1859 2912 2043 2964 statim

463 3004 810 3074 obsequitur,
856 3011 910 3056 et
957 3003 1002 3058 si
1055 3002 1187 3058 velit
1250 3002 1522 3056 duntaxat
1583 3000 1729 3073 (hoc
1774 3002 1920 3056 enim
1962 3007 2046 3055 est

469 3097 613 3165 quod
644 3096 779 3150 dicit
810 3114 822 3149 :
860 3093 1018 3150 Stetit
1053 3102 1107 3149 et
1135 3093 1341 3162 aspexit
1374 3102 1417 3160 ),
1469 3102 1778 3148 commovet
1811 3101 2041 3158 terram,
2072 3132 2116 3193 C

470 3189 752 3243 hominum
802 3198 1056 3242 naturam
1110 3185 1399 3251 dissolvit,
1453 3193 1670 3242 montes
1715 3185 1956 3255 rumpit,
1990 3191 2045 3239 et

467 3281 638 3335 colles
669 3286 728 3333 ut
762 3293 946 3334 ceram
981 3277 1291 3350 liquefacit.
1327 3275 1452 3330 Haec
1480 3275 1625 3331 enim
1647 3319 1662 3341 ,
1690 3286 1743 3331 et
1768 3291 1890 3346 quae
1916 3281 2046 3331 sunt

468 3372 831 3442 hujusmodi,
894 3371 958 3425 ad
1014 3369 1465 3425 commoditatem
1517 3368 1805 3423 hominum
1864 3367 2046 3424 facere

468 3479 577 3518 non
609 3470 810 3519 cessat.
849 3461 1055 3517 Itinera
1096 3463 1242 3518 enim
1294 3475 1460 3532 opera
1516 3467 1702 3517 vocat.
1757 3459 2047 3532 Signiﬁcat

467 3561 649 3608 autem
685 3566 783 3622 per
827 3568 889 3607 ca
939 3567 1065 3623 quae
1111 3552 1257 3608 dicta
1311 3559 1476 3621 sunt,
1524 3567 1746 3608 crucem
1790 3554 2046 3609 omnibus

469 3645 794 3701 hominibus
822 3646 1122 3700 salutarem
1145 3685 1160 3710 ,
1207 3645 1259 3699 in
1289 3660 1398 3716 qua
1450 3645 1605 3701 stetit
1636 3641 1890 3700 Christus
1936 3644 2045 3699 Do-

470 3739 686 3802 minus,
738 3749 792 3793 ct
843 3737 1140 3793 commovit
1193 3745 1434 3801 terram,
1487 3743 1542 3792 et
1579 3746 1792 3794 montes
1834 3751 2043 3791 concu-

469 3829 618 3883 tiens
653 3827 915 3899 disrupit,
937 3836 992 3884 et
1027 3829 1407 3900 perterrefecit
1435 3829 1741 3882 daemonum
1787 3834 2042 3897 gentem,

469 3926 524 3972 et
557 3919 730 3985 posita
765 3918 818 3971 in
852 3919 1133 3974 montibus
1168 3925 1222 3974 et
1253 3918 1490 3972 collibus
1521 3917 1721 3986 templa
1747 3917 2042 3970 destruxit.

472 4007 598 4063 Haec
643 4021 672 4060 a
725 4005 1032 4076 principio,
1081 4015 1137 4060 et
1186 4015 1312 4060 ante
1358 4005 1548 4059 mundi
1598 4005 2042 4060 constitutionem

471 4114 602 4155 cum
658 4097 1037 4166 decrevisset,
1085 4097 1308 4153 tandem
1361 4097 1418 4151 in
1478 4095 1797 4152 novissimis
1851 4097 2046 4152 diebus

399 4200 403 4204 ’
471 4189 788 4261 complevit.

542 4283 709 4339 Vens.
751 4281 804 4336 7.
839 4300 856 4333 ι
886 4279 995 4336 Pro
1034 4281 1326 4335 laboribus
1366 4287 1546 4334 autem
1587 4293 1727 4351 quos
1768 4281 1917 4346 vidi,
1960 4287 2046 4334 ta-

2142 1906 2259 1958 γοις
2293 1889 2676 1962 συμϐαίνοντα.
2711 1892 2784 1945 Τὸ
2803 1893 2878 1957 δὲ,
2909 1895 2998 1960 είς
3027 1895 3321 1964 παιδείαν,
3354 1896 3478 1952 ἔνια
3502 1899 3604 1969 μὲν
3622 1899 3720 1952 τῶν

2143 1984 2490 2055 ἀντιγράφων
2516 1984 2653 2056 μετὰ
2673 1984 2766 2037 τοῦ
2789 1986 2914 2039 νῦ²²
2938 1985 3073 2056 ἔχει,
3097 1988 3190 2040 καὶ
3210 1987 3383 2058 δηλοῖ,
3403 1988 3479 2053 ὡς
3503 1991 3600 2042 καὶ
3622 1992 3721 2053 τοῖς

2143 2074 2345 2142 λόγοις,
2381 2078 2476 2129 καὶ
2505 2077 2620 2140 τοῖς
2649 2075 2830 2146 ἔργοις
2863 2079 2892 2131 ὁ
2917 2078 3026 2132 τῶν
3055 2077 3192 2132 ὅλων
3218 2080 3352 2144 Θεὸς
3386 2083 3468 2145 εἰς
3489 2083 3721 2137 παιδείαν

2143 2168 2249 2222 τῶν
2284 2167 2583 2251 ἀνθρώπων
2629 2169 2725 2223 καὶ
2765 2169 3114 2227 διδασκαλίαν
3161 2172 3470 2246 κέχρηται·
3523 2175 3637 2232 ἔνια
3672 2177 3722 2230 δὲ

2145 2262 2269 2315 ἄνευ
2299 2262 2391 2316 τοῦ
2425 2264 2523 2329 νῦ,
2557 2263 2650 2317 καὶ
2685 2265 2939 2334 σημαίνει
2970 2266 3054 2319 ὅτι
3091 2267 3231 2334 μετὰ
3266 2267 3477 2337 πολλῆς
3513 2269 3615 2340 τῆς
3641 2270 3721 2321 εὖ·

2146 2356 2351 2422 κολίας,
2392 2356 2468 2421 ὡς
2499 2359 2556 2412 ἐν
2588 2358 2878 2429 ἱππηλάτῳ
2907 2358 3093 2430 πεδίῳ,
3122 2359 3304 2431 τρέχει
3334 2362 3404 2415 τὰ
3430 2361 3722 2434 πράγματα

2145 2450 2264 2511 ταῖς
2295 2449 2655 2520 προφητείαις
2683 2449 3102 2506 ἀκολουθοῦντα.

2219 2547 2292 2604 ς’.
2339 2557 2357 2591 ι
2387 2541 2580 2612 Ἔστη,
2617 2543 2712 2596 κοιλ⁸
2759 2541 3023 2615 ἐσαλεύθη
3052 2544 3086 2613 ἡ
3117 2542 3191 2614 γῆ
3217 2559 3232 2574 ⁸
3279 2542 3591 2614 ἐπέδλεψε,
3640 2547 3723 2598 καὶ

2147 2632 2319 2703 ἐτάκη
2349 2632 2474 2704 ἔθνη
2502 2649 2517 2664 ο
2563 2632 2818 2704 διεθρύὸη
2851 2635 2920 2688 τὰ
2950 2634 3050 2707 δρη
3089 2634 3201 2706 βίᾳ,
3234 2636 3520 2706 ὲτὰκησαν
3563 2633 3724 2704 ﬂown}

2146 2726 2373 2790 αίιῦνιοι,
2407 2726 2652 2798 πορείαις
2679 2727 2918 2792 αἰωνίοις
2938 2729 2986 2762 ¹³
3016 2728 3203 2783 αὑτοῦ.
3239 2746 3256 2780 ι
3294 2728 3396 2782 Διὰ
3425 2730 3646 2784 πάντων
3673 2730 3725 2782 δὲ

2146 2818 2255 2871 τῶν
2286 2820 2590 2889 εἰρημένων
2621 2819 2719 2890 τὴν
2748 2821 2988 2893 ἄρρητον
3015 2821 3110 2875 τοῦ
3155 2821 3290 2875 Θεοῦ
3324 2821 3564 2894 δύναμιν
3592 2824 3728 2894 ἡμεῖς

2147 2911 2390 2978 ἐδίδαξε·
2439 2915 2506 2984 τῇ
2559 2912 2720 2985 βουλῇ
2755 2915 2866 2984 γὰρ
2900 2914 3062 2968 αὐτοῦ
3105 2915 3166 2968 τὸ
3214 2916 3376 2986 ἔργον
3427 2917 3723 2982 ἀκολουθεῖ,

2147 3002 2240 3054 κα)⁵
2269 3000 2497 3073 θελήσας
2536 3003 2695 3073 μόνον
2725 3003 2905 3074 (τοῦτο
2933 3005 3041 3076 γὰρ
3074 3002 3243 3070 εἶπεν,
3304 3006 3459 3075 ἔστη
3495 3009 3594 3060 καὶ
3631 3009 3726 3061 ἐπ-

2148 3094 2412 3165 έϐλεψε),
2435 3096 2615 3150 κλονεῖ
2639 3097 2736 3168 τὴν
2756 3097 2881 3168 γῆν,
2910 3098 3113 3152 διαλύει
3127 3099 3234 3153 τῶν
3255 3100 3351 3154 ἀνθ
3359 3101 3572 3171 ρώπων
3585 3103 3675 3171 τὴν
3686 3103 3725 3131 ’⁵

2149 3187 2330 3256 φύσιν,
2366 3189 2596 3260 ῥήγνυσι
2630 3189 2698 3242 τὰ
2733 3189 2855 3260 ὅρη,
2883 3190 2978 3244 καὶ
3012 3192 3138 3253 τοὺς
3174 3191 3399 3265 βουνοὺς
3444 3192 3624 3264 κηροῦ
3660 3193 3729 3246 δί-

2147 3294 2252 3349 κην
2279 3281 2600 3352 κατατήκει.
2647 3280 2831 3336 Ταῦτα
2863 3281 2972 3353 γὰρ
2999 3282 3094 3336 καὶ
3123 3283 3193 3336 τὰ
3220 3283 3452 3338 τοιαῦτα
3479 3287 3564 3348 εἰς

2147 3369 2296 3426 λειαν
2325 3370 2625 3442 ἀνθρώπων
2654 3373 2823 3427 ποιῶν
2856 3371 3214 3429 διατετέλεκε.
3245 3377 3506 3443 Πορείας
3539 3378 3643 3449 γὰρ
3668 3376 3727 3430 τὰ

2151 3463 2286 3537 ἔργα
2318 3464 2489 3519 καλεῖ.
2525 3464 2788 3535 Σημαίνει
2815 3465 2872 3519 δὲ
2901 3465 2987 3518 διὰ
3016 3464 3125 3518 τῶν
3153 3467 3491 3536 εἰρημένων,
3529 3470 3624 3521 καὶ
3646 3469 3728 3522 τὸν

2149 3560 2472 3631 πηγὰσαντα
2501 3561 2665 3612 πᾶσιν
2690 3557 2997 3630 ἀνθρώποις
3031 3561 3129 3630 τὴν
3160 3559 3440 3630 σωτηρίαν
3470 3561 3724 3632 σταυρόν·

2148 3653 2232 3720 ἐφ’
2256 3641 2316 3704 οὗ
2342 3650 2470 3722 ἐστη
2505 3651 2601 3721 μὲν
2630 3652 2658 3705 ὁ
2690 3652 2968 3722 Δεσπότης
3001 3651 3256 3720 Χριστὸς,
3284 3650 3524 3705 διέσεισε
3555 3653 3613 3705 δὲ
3640 3652 3728 3724 τὴν

2149 3745 2272 3814 γῆν,
2307 3744 2402 3798 καὶ
2431 3746 2500 3796 τὰ
2526 3743 2626 3815 ὅρη
2655 3743 2920 3813 κλονήσας
2949 3743 3219 3815 διέρρηξε,
3245 3743 3560 3814 κατέπληξε
3584 3744 3637 3797 δὲ
3659 3743 3727 3814 τῷ

2146 3834 2255 3887 δέει
2296 3833 2404 3888 τῶν
2457 3834 2728 3904 δαιμόνων
2775 3833 2844 3887 τὰ
2888 3835 3044 3906 γένη,
3094 3835 3189 3887 καὶ
3231 3835 3302 3889 τὰ
3333 3837 3392 3887 ὲν
3437 3836 3595 3906 ὄρεσι
3643 3838 3726 3888 καὶ

2149 3925 2355 3996 βουνοῖς
2382 3927 2582 3997 τεμένη
2615 3926 2898 3980 κατέλυσε.
2915 3927 3101 3981 Ταῦτα
3131 3928 3337 3982 ἄνωθεν
3365 3928 3491 4000 μὲν,
3515 3927 3612 3983 καὶ
3632 3928 3727 3998 πρ)

2146 4015 2380 4086 τῆςτοῦ
2412 4018 2617 4088 κόσμου
2656 4019 2967 4082 συστάσεως
3013 4019 3340 4091 δοκιμάσας.
3379 4021 3469 4074 ἐπ’
3505 4022 3727 4090 ἐσχάτου

2145 4102 2202 4157 δὲ
2230 4102 2339 4157 τῶν
2371 4103 2596 4176 ἡμερῶν
2628 4105 3053 4177 ἀποπληρώσας.

2217 4275 2282 4341 ζ’.
2349 4295 2367 4328 ι
2410 4278 2558 4331 Ἀντὶ
2586 4279 2704 4332 δὲ²³
2741 4280 2925 4333 κόπων
2953 4271 3027 4333 ὧν
3055 4273 3219 4346 εἶδον,
3271 4283 3614 4353 σκηνώματα
3643 4285 3724 4337 Αί-

472 4374 768 4430 hcrnacula
825 4371 1150 4444 EthiOpum
1205 4373 1525 4444 parebunt,
1580 4382 1634 4428 et
1684 4375 2042 4430 tabernacula

2149 4367 2356 4421 θιόπων
2396 4370 2815 4440 πτοηθήσονται,
2857 4373 2951 4425 καὶ
2968 4373 3014 4405 ³⁸
3056 4373 3250 4441 σκηναὶ
3289 4373 3398 4444 γῆς
3426 4374 3673 4446 Μαδιάμ.
3705 4394 3722 4426 ι

471 4476 631 4521 terrae
671 4469 687 4488 ⁶
724 4464 984 4518 Madiam.
1020 4483 1038 4515 ι
1068 4463 1279 4518 Etenim
1323 4470 1448 4534 post
1484 4463 1778 4519 salutarem
1822 4465 2039 4534 passio.

2161 4461 2320 4514 Ἀλλά
2363 4461 2471 4532 γὰρ
2509 4463 2646 4532 μετὰ
2691 4463 2760 4516 τὰ
2801 4467 3038 4536 σωτήρια
3069 4464 3370 4536 παθήματα
3397 4462 3544 4521 εἶδον
3566 4486 3730 4521 κατα-

470 4572 598 4612 nem
629 4557 739 4610 vidi
773 4555 1079 4609 dmmonum
1103 4569 1277 4625 genus
1295 4561 1656 4625 prostratum,
1684 4556 1777 4625 qui
1818 4566 2042 4609 natura-

2149 4553 2436 4616 πεπτωκὸς
2474 4555 2582 4607 τῶν
2639 4554 2912 4623 δαιμόνων
2952 4557 3018 4609 τὸ
3053 4557 3231 4624 γένος,
3277 4555 3327 4610 οἳ
3359 4558 3462 4628 τὴν
3496 4559 3726 4628 φυσικὴν

471 4648 575 4703 lem
604 4646 924 4716 Ethiopum
951 4647 1190 4700 colorem
1216 4645 1271 4699 in
1293 4647 1576 4702 voluntate
1599 4663 1696 4702 sua
1719 4647 2042 4715 referentes,

2149 4640 2253 4694 τῶν
2295 4642 2566 4696 Αἰθιόπων
2613 4643 2782 4713 χρόαν
2825 4645 2882 4696 ἐν
2913 4647 2980 4714 τῇ
3016 4645 3333 4716 προαιρέσει
3368 4647 3721 4716 μιμούμενα,

469 4737 683 4791 animas
714 4735 996 4789 hominum
1035 4734 1338 4805 decipiunt.
1371 4735 1525 4800 Quod
1558 4739 1602 4792 si
1631 4737 1756 4807 quis
1785 4737 1950 4793 etiam
1979 4735 2042 4793 de

2149 4733 2239 4796 τὰς
2268 4733 2375 4786 τῶν
2407 4734 2710 4805 ἀνθρώπων
2739 4734 3052 4799 ἐξαπατῶσι
3098 4737 3298 4806 ψυχάς.
3342 4737 3408 4790 Εἰ
3438 4737 3495 4790 δὲ
3520 4739 3613 4792 καὶ
3640 4739 3723 4790 ἐπὶ

470 4826 787 4879 hominibus
825 4824 942 4879 hmc
980 4824 1288 4896 intelligere
1323 4827 1489 4892 velit,
1529 4843 1636 4882 non
1684 4828 1962 4884 aherrabit
2013 4844 2042 4884 a

2149 4823 2251 4876 τῶν
2280 4824 2582 4894 ἀνθρώπων
2604 4823 2780 4879 ταῦτά
2807 4843 2891 4890 τις
2921 4826 3093 4879 ἐθέλει
3128 4830 3291 4889 νοεῖν,
3327 4829 3426 4882 τοῦ
3455 4835 3560 4902 τῆς
3581 4831 3724 4893 θείας

470 4928 638 4981 scopo
699 4914 900 4970 divlnw
959 4914 1313 4986 Scriptura:
1375 4933 1501 4971 nam
1560 4929 1683 4989 post
1739 4920 2035 4974 salutarem

2149 4917 2366 4988 Γραφῆς
2392 4919 2490 4971 οὐκ
2519 4920 2830 4972 ἐκπεσεῖται
2860 4917 3064 4973 σκοποῦ
3083 4935 3096 4947 ⁸
3130 4921 3267 4990 μετὰ
3291 4921 3403 4992 γὰρ
3434 4924 3530 4975 τὸν
3556 4923 3721 4990 σωτή-

465 5001 680 5075 1553
713 5019 932 5060 crucem
956 5047 971 5071 ,
1004 5013 1057 5061 ct
1089 5007 1402 5076 passionem
1427 5046 1442 5071 ,
1473 5016 1527 5062 et
1566 5009 2035 5063 resurrectionem

2149 5026 2266 5081 ριον
2291 5009 2541 5080 σταυρὸν,
2579 5012 2672 5064 καὶ
2701 5011 2764 5065 τὸ
2799 5012 2990 5075 πάθος,
3035 5013 3131 5065 καὶ
3160 5012 3260 5082 τὴν
3299 5013 3604 5067 ἀνάστασιν
3632 5011 3719 5064 τοῦ

467 5094 720 5162 Domini,
757 5093 1030 5166 spirituali
1063 5097 1242 5167 gratia
1283 5097 1615 5151 cumulatus
1642 5095 1864 5152 divinus
1904 5107 2039 5167 apo-

2149 5099 2435 5165 Δεσπόνου,
2482 5099 2580 5170 τῆς
2627 5101 3007 5171 πνευματικῆς
3055 5102 3276 5173 χάριτος
3324 5101 3661 5173 ἐμπλησθεὶς
3694 5102 3719 5153 6

535 5256 560 5297 δ
592 5254 749 5312 Joan.
783 5271 836 5322 ι,
863 5255 949 5310 ll.
1029 5267 1052 5294 ο
1085 5254 1244 5311 Joan.
1277 5272 1364 5324 xv,
1403 5257 1488 5310 l5.
1572 5253 1764 5310 fl-"sal.
1815 5271 1967 5309 xuii.
2001 5255 2055 5310 6.

1744 5389 1978 5447 ἾΛΒΙᾸΞ
2019 5389 2422 5448 LECTIONES.

533 5508 579 5540 ¹⁰
611 5507 816 5580 δηδεῑξ.
851 5505 1005 5580 l_.oc_o_
1028 5506 1124 5561 cit.
1157 5505 1260 5574 leg.
1297 5504 1431 5580 ἔχει.
1486 5576 1496 5580 _
1541 5506 1582 5536 “
1618 5505 1707 5576 θῇ.
1752 5505 1895 5580 Loco
1927 5505 2020 5580 cit.
2055 5515 2172 5575 post
2197 5506 2769 5580 ¢'Jx._a-5:._ponit_ur.
2846 5509 2891 5538 ”
2919 5506 3030 5580 νῦ.
3072 5507 3269 5563 Bosius
3299 5508 3358 5563 h.
3393 5511 3431 5563 l.
3480 5519 3533 5565 et
3593 5520 3716 5580 post

462 5593 633 5649 pauca
667 5578 826 5652 habet
854 5577 1168 5652 antpOéIYO‘J,
1218 5591 1336 5652 qua:
1379 5576 1537 5630 lectio
1596 5575 1816 5652 sensum
1851 5575 2151 5652 faciliorem
2207 5578 2404 5652 reddit.
2455 5575 2823 5652 ξίίπαιδείαν.
2873 5579 3164 5652 scribimus
3211 5580 3333 5652 sine
3356 5575 3713 5652 diphthongo,

463 5644 652 5722 parum
685 5648 896 5722 differet
923 5644 1362 5722 stadim/amyci,
1383 5661 1505 5722 quae
1534 5656 1619 5722 est
1653 5647 1818 5722 lectio
1846 5646 1969 5722 cod.
1996 5644 2173 5722 vatio.
2225 5646 2270 5678 ’³
2302 5651 2340 5702 Α
2364 5657 2418 5702 ct
2446 5648 2488 5700 (1
2515 5645 2740 5719 πορείας
2770 5647 3039 5712 αἰωνίους.
3111 5649 3156 5680 ³⁸
3196 5651 3319 5721 τήι.
3354 5644 3435 5706 Εἰ
3467 5650 3507 5706 C
3536 5644 3710 5722 Suppl.

465 5710 511 5749 ⁵⁵
531 5717 585 5769 δέ
613 5729 667 5772 et
695 5717 893 5774 deinde
921 5710 994 5772 ὧν
1018 5716 1135 5773 des.
1173 5716 1226 5770 in
1258 5715 1303 5769 A
1327 5723 1376 5771 et
1402 5710 1468 5770 Ὁ.
1543 5716 1586 5747 ³⁵
1620 5715 1731 5768 καί.
1775 5715 1898 5771 Des.
1946 5717 1998 5770 in
2027 5717 2088 5770 (Ζ.
