3956 6202
200 290 340 357 1829

1431 299 1514 360 ΙΝ
1551 297 1897 362 HABACUC
1933 299 2091 365 CAP.
2143 303 2256 366 III.

3315 314 3451 388 1830

195 406 488 506 θεῖοςιτῶν
536 407 850 466 ἀποστόλων
893 411 1071 483 χορὸς,
1119 413 1214 466 καὶ
1258 411 1353 466 τοῦ
1402 415 1629 486 Μαδιάμ
1673 415 1759 478 τὰς

1875 419 2144 475 stolorum
2175 422 2416 489 chorus,
2466 432 2520 480 et
2569 421 2991 485 Madianitarum
3044 432 3442 506 tabernacula,

194 495 421 568 σκηνὰς,
470 501 564 552 καὶ
605 499 715 553 τῶν
744 502 1016 556 Αἰθιόπων
1061 504 1159 565 τάς
1197 505 1438 574 οἰκήσεις
1482 505 1760 574 ἐθεάσατο,

191 589 286 644 καὶ
323 592 507 645 πᾶσαν
533 592 634 663 τὴν
665 593 990 666 οἰκουμένην
1024 598 1124 667 τῆς
1153 596 1306 660 θείας
1338 597 1596 669 ἐνέπλησε
1628 598 1766 668 γνώ-

192 695 350 742 σεωςν.

257 777 332 840 η’.
375 790 394 821 ι
422 771 514 843 Μή
554 775 612 826 ἐν
647 778 911 844 ποταμοῖς
948 775 1248 847 ὠργίσθης,
1284 777 1481 851 Κύριε,
1518 779 1550 851 ἢ
1587 783 1644 834 ἐν
1672 799 1766 836 πο-

188 863 385 931 ταμοῖς
412 865 440 914 ὁ
468 862 636 933 θυμός
667 880 782 928 σου,
810 864 844 936 ἢ
873 867 930 918 ἐν
958 866 1197 939 θαλάσσῃ
1227 867 1286 921 τὸ
1314 869 1544 941 ὅρμημα
1573 889 1705 937 sou;
1737 889 1758 925 ι

189 954 432 1018 Κλονῶν,
469 955 654 1024 φησὶν,
701 949 746 1008 ὧ
786 957 1052 1020 Δέσποτα,
1103 961 1204 1026 τὴν
1236 961 1361 1029 γῆν,
1411 960 1506 1012 καὶ
1555 962 1622 1015 τὰ
1661 963 1761 1034 ὅρη

109 1127 116 1131 ⁹
192 1050 514 1122 συντρίϐων,
547 1051 622 1123 μὴ
657 1054 824 1106 πᾶσιν
872 1052 1068 1126 ὀργίζῃ
1113 1057 1226 1118 τοῖς
1269 1055 1466 1122 ἔθνεσι,
1497 1057 1590 1110 καὶ
1626 1075 1762 1110 παν-

187 1141 326 1198 ωλεο
337 1142 456 1212 ρίαν
469 1142 672 1198 ἅπασιν
685 1145 965 1215 ἐπιφέρεις
981 1147 1284 1218 ἀνθρώποις
1301 1167 1315 1214 ;
1335 1149 1644 1219 Ποταμοὺς
1657 1151 1762 1222 γὰρ

187 1233 283 1285 καὶ
315 1232 636 1288 θάλασσαν
661 1235 729 1289 τά
755 1236 879 1307 ἔθνη
905 1239 1366 1309 προσηγόρευσεν.

261 1345 281 1377 ι
314 1326 437 1379 Ὅτι
470 1326 708 1400 ἐπιϐήσῃ
757 1330 850 1382 ἐπὶ
885 1331 1012 1393 τοὺς
1049 1331 1248 1395 ἵππους
1299 1349 1418 1396 σου,
1462 1334 1558 1387 καὶ
1593 1335 1626 1405 ἡ
1675 1335 1762 1388 ἱπ-

189 1417 360 1470 πασία
393 1434 486 1470 σου
521 1419 781 1490 σωτηρία.
813 1421 924 1492 (θ’.)
961 1422 1241 1477 Ἐντείνων
1265 1427 1496 1489 ἐντενεῖς
1517 1427 1577 1480 τὸ
1609 1427 1762 1494 τόξον

189 1525 283 1561 σου
321 1511 414 1562 ἐπὶ
445 1511 720 1581 σκῆπτρα,
753 1512 901 1582 λέγει
931 1513 1155 1586 Κύριος.
1189 1535 1207 1568 ι
1254 1516 1413 1570 Ἀλλὰ
1444 1517 1551 1588 γὰρ
1580 1519 1758 1588 δῆλον,

185 1599 262 1661 ὡς
309 1599 410 1667 τῆς
463 1599 573 1652 τῶν
621 1601 928 1672 ἀνθρώπων
990 1604 1442 1675 προμηθούμενος
1486 1608 1762 1678 σωτηρίας

185 1690 357 1743 ταῦτα
392 1691 657 1756 κατεδέξω
691 1694 762 1748 τὰ
809 1695 977 1766 πάθη.
1014 1697 1161 1749 Διδ²⁷
1197 1698 1448 1770 καθάπερ
1491 1699 1632 1752 τισὶν
1666 1700 1758 1753 ἴπ-

181 1799 309 1846 ποις
351 1783 715 1854 ἐποχούμενος
755 1788 869 1849 τοῖς
916 1789 1079 1858 ἱεροῖς
1110 1789 1448 1855 ἀποστόλοις,
1484 1793 1618 1846 πᾶσι
1649 1795 1762 1858 τοῖς
1796 1785 1834 1839 Β

183 1875 501 1929 πιστεύουσι
533 1877 846 1948 παρέξειςη
880 1879 979 1950 τὴν
1014 1883 1290 1952 σωτηρίαν
1314 1899 1330 1916 ⁶
1379 1888 1491 1949 τοῖς
1519 1885 1575 1938 δὲ
1601 1887 1762 1940 κολα-

186 1969 393 2029 στικοῖζ⁵
437 1968 622 2031 ὅπλοις
680 1971 825 2024 κατὰ
873 1971 982 2025 τῶν
1019 1973 1406 2042 ἀντιλεγόντων
1439 1977 1639 2048 χρήσῃ,
1685 1972 1761 2034 ὧν

184 2059 556 2131 πρωτεύουσιν
582 2062 639 2114 ai
677 2063 771 2116 τοῦ
813 2064 1026 2135 Ἰσραὴλ
1071 2066 1234 2135 φυλαί
1262 2083 1277 2097 ·
1329 2068 1614 2138 σκῆπτρα
1651 2071 1762 2143 γὰρ

181 2149 433 2220 ὠνόμασε
463 2152 560 2216 τὰς
587 2153 781 2220 φυλάς.
810 2154 998 2226 Τούτῳ
1025 2157 1186 2222 ἔοικε,
1221 2157 1283 2211 τὸ
1310 2158 1412 2212 ὑπὸ
1433 2160 1527 2213 τοῦ
1552 2163 1760 2232 Κυρίου

181 2243 313 2312 περὶ
345 2241 440 2296 τοῦ
473 2245 738 2315 μακαρίου
771 2247 986 2300 Παύλου
1019 2249 1156 2319 πρὸς
1198 2250 1288 2303 τὸν
1332 2253 1582 2305 ’Δνανίαν
1607 2256 1760 2325 εἰρη-

185 2332 347 2402 μένον
374 2334 433 2386 ἐν
469 2335 748 2406 Δαμασκῷ
773 2353 786 2366 ⁸
841 2356 860 2388 ι
892 2339 1154 2408 Πορεύου,
1185 2341 1266 2393 ὅτι
1297 2341 1487 2406 σκεῦος
1530 2344 1762 2416 ἐκλογῆς

181 2443 276 2494 ’μοι
305 2427 453 2479 ἐστὶν
479 2421 652 2492 οὗτος,
686 2429 782 2483 τοῦ
819 2429 1086 2500 βαστάσαι
1111 2434 1172 2486 τὸ
1200 2434 1370 2505 ὄνομά
1397 2454 1498 2506 μου
1532 2438 1761 2492 ἐνώπιον

182 2518 355 2570 ἐθνῶν
388 2521 481 2572 καὶ
513 2520 794 2590 βασιλέων,
827 2523 922 2576 καὶ
949 2525 1058 2577 τῶν
1089 2525 1220 2579 υἱῶν
1267 2528 1500 2600 Ἰσραήλ.
1531 2549 1549 2582 ι
1585 2531 1657 2583 Τὸ
1680 2531 1756 2596 δὲ,

187 2627 208 2659 σ
254 2611 537 2665 Ἐντείνων
571 2613 804 2678 ἐντενεῖς
851 2615 912 2669 τὸ
957 2616 1110 2682 τόξον
1161 2635 1276 2684 σου,
1306 2639 1324 2671 ι
1381 2621 1584 2690 σφόδρα
1619 2640 1759 2694 συμ-

179 2700 357 2754 ϐαίνει
386 2702 464 2771 τῷ
494 2704 597 2757 ὑπὸ
627 2704 720 2758 τοῦ
754 2708 1025 2778 μακαρίου
1055 2709 1220 2762 Δαϐὶδ
1249 2711 1548 2783 εἰρημένῳ·
1588 2732 1606 2764 ι
1636 2715 1762 2767 Ἔν-

177 2811 377 2861 τεινον,
438 2797 533 2848 καὶ
583 2797 896 2863 κατευοὸοῦ,
949 2800 1043 2852 καὶ
1092 2800 1374 2870 βασίλευεο
1423 2822 1442 2854 ι
1496 2804 1592 2858 καὶ
1641 2807 1758 2876 μετ’

175 2885 377 2955 ὀλίγα·
436 2905 455 2938 ι
483 2887 562 2940 Τὰ
610 2887 737 2960 βέλη
787 2907 877 2942 σου
936 2892 1271 2961 ἠκονημένα,
1298 2895 1520 2958 Δυνατέ,
1578 2895 1693 2950 λαοὶ
1714 2899 1758 2931 ’⁸

177 2976 440 3030 ὑποκάτω
488 2995 582 3030 σου
630 2979 922 3034 πεσοῦνται
956 2983 1014 3034 ἐν
1052 2983 1253 3053 καρδίᾳ
1285 2985 1394 3036 τῶν
1428 2985 1638 3057 ἐχθρῶν
1663 2988 1758 3043 τοῦ

179 3067 464 3136 βασιλέως.
509 3089 528 3121 ι
584 3100 655 3110 -
710 3090 729 3123 ι
770 3073 1040 3144 Ποταμοῖς
1087 3077 1388 3146 ῥαγήσεται
1438 3079 1472 3148 ή
1528 3082 1598 3150 γῆ
1625 3081 1692 3137 ³⁰.
1734 3100 1754 3133 ι

177 3159 450 3231 Καθάπερ
470 3161 576 3233 γὰρ
603 3165 652 3216 oi
677 3164 904 3234 γηπόνοι
924 3136 1031 3228 ἐιξ
1047 3136 1320 3239 δίώρυγας
1345 3136 1610 3241 διαιροῦσι
1632 3175 1759 3237 τοὺς
1785 3136 1827 3194 C

175 3254 482 3322 ποταμοὺς,
537 3254 758 3325 άρδείαν
798 3259 864 3328 τῇ
901 3259 969 3326 γῇ
1005 3259 1348 3329 σοφιζόμενοι
1382 3278 1395 3292 ο
1445 3262 1617 3327 οὕτως
1647 3258 1758 3318 οἷόν

172 3360 330 3406 ’τινας
359 3346 688 3415 ποταμοὺς,
728 3348 856 3411 τοὺς
898 3347 1076 3412 θείους
1126 3350 1457 3416 ἀποστόλους
1508 3355 1600 3407 καὶ
1633 3356 1758 3419 τοὺς

167 3434 406 3488 ἐκείνων
431 3436 754 3502 ἀκολούθους
782 3439 1103 3510 διαιρήσεις,
1135 3441 1230 3495 καλ⁵
1255 3443 1354 3514 τὴν
1383 3446 1758 3518 πνευματικὴν

171 3526 402 3598 ἁρδείαν
430 3531 543 3590 τοῖς
573 3528 880 3600 ἀνθρώποις
915 3532 1247 3601 προσοίσεις.

249 3624 304 3672 ι’.
353 3639 371 3670 ι
405 3619 664 3690 Ὄψονταί
688 3639 770 3687 σε,
802 3623 894 3676 καὶ
919 3623 1236 3694 ῶδινήσουσι
1261 3623 1398 3678 λαοί.
1434 3643 1452 3677 ι
1476 3625 1678 3696 Διπλῆν
1698 3627 1756 3680 δὲ

167 3707 341 3763 τοῦτο
363 3708 602 3764 διάνοιαν
633 3711 767 3782 ἔχει.
787 3712 854 3766 υτ
876 3729 932 3765 τε
955 3713 1064 3784 γὰρ
1085 3714 1504 3778 πεπιστευκότες
1524 3715 1761 3786 ὁρῶντές

166 3802 756 3875 σουπροφαινομένην
799 3805 898 3875 τὴν
942 3805 1170 3876 δύναμιν
1216 3805 1399 3878 ἐρῶσι,
1453 3807 1547 3861 καὶ
1594 3809 1756 3863 οἱονεὶ

169 3891 482 3956 ὠδίνουσιν,
533 3894 660 3949 ἰδεῖν
715 3913 807 3949 σου
856 3896 1148 3962 ποθοῦντες
1198 3898 1297 3969 τὴν
1343 3897 1560 3954 αἰώνιον
1605 3900 1756 3970 βασι-

169 3985 332 4039 λείαν
359 4001 372 4014 ·
418 3986 471 4038 οἵ
508 4004 568 4039 τε
600 3989 829 4060 ἀπιστίᾳ
857 3991 1215 4062 κατεχόμενοι
1245 3991 1461 4056 ὀδύναις
1501 3993 1756 4061 γυναικὸς

167 4076 477 4146 ὼδινούσης
504 4077 885 4149 βληθήσονται,
912 4081 1231 4149 φθονοῦντες
1259 4084 1352 4136 καὶ
1376 4083 1756 4153 βασκαίνοντες

167 4185 274 4221 σου
305 4169 371 4238 τῇ
402 4167 546 4241 δόξῃ.
583 4186 602 4220 ι
642 4169 959 4239 Σκορπίζων
990 4170 1161 4224 ὕδατα
1187 4173 1412 4242 πορείας
1445 4172 1610 4225 αὑτοῦ
1624 4175 1688 4226 ³¹.
1731 4191 1750 4223 ι

171 4256 288 4308 Καὶ
330 4255 491 4309 τοῦτο
540 4259 651 4321 τοῖς
688 4259 1003 4330 εἰρημένοις
1047 4259 1354 4330 συμϐαίνει.
1408 4261 1490 4315 Τὰ
1518 4263 1626 4333 γὰρ
1659 4263 1758 4332 τῆς

166 4346 331 4410 θείας
359 4346 520 4401 αὐτοῦ
547 4348 894 4414 διδασκαλίας
937 4350 1103 4404 ὕδατα
1144 4351 1234 4405 διὰ
1275 4352 1384 4406 τῶν
1427 4353 1587 4407 θείων
1617 4355 1756 4406 ἀπο-

167 4436 385 4491 στόλων
411 4438 489 4500 είς
522 4441 700 4495 πάντα
732 4441 803 4494 τὰ
835 4440 963 4513 ἔθνη
993 4441 1284 4513 διένειμεν.

246 4628 268 4662 ε
298 4610 543 4666 Ἔδωκεν
576 4613 609 4684 ή
645 4612 882 4678 ἄϐυσσος
911 4616 1094 4688 φωνὴν
1143 4616 1338 4686 αὐτῆς,
1373 4615 1507 4686 ὕψος
1552 4633 1757 4686 φαντα-

168 4702 304 4766 σίας
331 4702 501 4774 αὐτῆς
525 4705 741 4776 ἐπήρθη
758 4708 823 4760 ³³.
857 4707 995 4779 (ια’.)
1035 4707 1094 4760 '0
1112 4708 1158 4739 ³³
1185 4706 1334 4778 ἥλιος
1363 4707 1459 4761 καὶ
1489 4709 1523 4778 ἡ
1559 4707 1757 4779 σελήνη

165 4793 310 4862 ἔστη
339 4794 398 4846 ἐν
436 4797 500 4866 τῇ
535 4795 685 4862 τάξει
728 4797 918 4868 αὐτῆς.
957 4818 977 4851 ›
1021 4799 1308 4870 Ἑπέμεινε
1338 4801 1404 4871 τῇ
1436 4802 1632 4872 τροπῇ,
1661 4801 1758 4856 καὶ

167 4883 283 4955 τὴν
320 4883 430 4938 τῶν
463 4887 749 4957 νοημάτων
796 4889 1118 4944 ἀκολουθίαν
1151 4890 1404 4959 ἐφύλαξε.
1447 4890 1760 4960 Ποταμοὺς

168 4978 292 5047 γὰρ
316 4977 440 5040 τοὺς
474 4980 650 5051 ἱεροὺς
678 4981 1007 5045 ἀποστόλους
1037 4982 1503 5054 προσαγορεύσας,
1532 4982 1759 5037 θάλασ-

166 5081 307 5120 σαν
335 5066 589 5138 ὀνομάζει
630 5069 700 5122 τὰ
731 5069 857 5141 ἔθνη
907 5073 972 5141 τῇ
1021 5072 1122 5141 τῆς
1174 5072 1430 5136 ἀσεϐείας
1471 5071 1760 5145 πικρότητι

169 5157 544 5229 κατεχόμενα.
601 5162 760 5216 Ἀλλὰ
801 5162 1051 5234 καθάπερ
1081 5165 1341 5234 ποταμῶν
1372 5165 1761 5220 εἰσϐαλλόντων

257 5336 282 5375 ε
312 5335 435 5391 Aet.
485 5336 653 5402 Ix,l5.
731 5340 758 5378 ιι
791 5337 934 5395 Psal.
970 5354 1114 5405 κων,
1149 5339 1201 5394 5.
1288 5342 1304 5381 i
1342 5340 1475 5398 ibid.
1511 5340 1564 5397 6.

1873 518 1928 565 et
1953 511 2275 584 Ethiopum
2306 516 2680 575 habitationes
2709 521 2885 589 vidit,
2917 532 2971 578 et
3003 539 3222 583 omnem
3253 529 3446 586 orbem

1873 611 2032 659 terrae
2061 605 2248 662 divina
2279 610 2596 681 cognitione
2627 611 2968 684 adimplevit.

1943 780 2110 838 Vns.
2137 781 2192 838 8.
2225 801 2244 836 ι
2267 782 2406 858 Num
2432 787 2486 841 in
2517 785 2840 844 ﬂuminibus
2859 789 3034 846 iratus
3063 804 3144 858 es,
3171 792 3402 848 Domine
3427 793 3448 848 ί

1871 879 1967 925 aut
1999 872 2053 926 in
2090 872 2414 929 ﬂuminibus
2447 873 2602 932 furor
2633 886 2760 932 tuus
2782 917 2796 942 ,
2831 880 2914 933 vel
2945 881 3001 934 in
3034 882 3170 935 mari
3211 883 3447 953 impetus

1871 969 2000 1018 tuus
2022 963 2048 1017 ἳ
2075 983 2095 1016 ι
2125 963 2350 1020 Terram
2373 1006 2388 1031 ,
2421 967 2638 1038 inquit,
2693 973 3042 1039 concutiens,
3087 973 3347 1041 Domine,
3391 985 3446 1033 et

1871 1065 2088 1113 montes
2114 1066 2447 1126 conterens,
2478 1077 2610 1116 num
2657 1065 2916 1121 omnibus
2967 1066 3228 1124 irasceris
3270 1071 3448 1139 genti-

1870 1147 2004 1213 bus,
2037 1159 2088 1204 et
2120 1151 2418 1220 perniciem
2444 1154 2704 1210 omnibus
2733 1155 2906 1212 infers
2933 1157 3286 1214 hominibus?
3311 1157 3448 1214 Flu-

1870 1241 2017 1294 mina
2046 1243 2194 1296 enim
2232 1251 2288 1298 et
2323 1261 2470 1300 mare
2511 1248 2813 1318 appellavit
2846 1258 3060 1322 gentes.

1944 1326 1963 1383 ε
1995 1331 2134 1399 Quia
2169 1337 2441 1393 aseendes
2473 1353 2642 1410 super
2680 1354 2855 1411 equos
2893 1348 3018 1398 tuos
3041 1384 3056 1408 ,
3090 1347 3145 1398 et
3176 1342 3448 1413 equitatlo

1869 1431 1959 1476 tua
2010 1426 2182 1482 salus.
2216 1427 2428 1498 (Vens.
2465 1432 2519 1487 9.
2549 1431 2568 1503 )
2599 1433 2895 1487 intendens
2945 1434 3200 1490 intendes
3253 1449 3444 1488 arcum

1867 1525 2020 1573 tuum
2063 1535 2231 1592 super
2279 1532 2495 1593 sceptra
2518 1563 2533 1588 ,
2568 1522 2704 1577 dicit
2736 1521 3020 1578 Dominus.
3053 1543 3072 1576 ›
3113 1527 3181 1578 At
3213 1526 3448 1580 manife-

1867 1623 2012 1670 stum
2041 1625 2125 1671 est
2166 1623 2218 1670 te
2259 1615 2544 1670 hominum
2595 1617 2796 1671 salutis
2829 1618 3005 1688 gratia
3039 1618 3137 1672 hos
3164 1619 3443 1673 cruciatus

1868 1708 2183 1777 pertulisse.
2235 1704 2397 1762 Unde
2446 1707 2621 1763 sacris
2672 1709 2939 1778 apostolis
2977 1718 3241 1778 tanquam
3282 1711 3442 1780 equis

1863 1797 2196 1868 quibusdam
2231 1797 2482 1854 insidens
2501 1839 2514 1860 ,
2545 1799 2804 1854 omnibus
2829 1798 3181 1855 credentibus
3206 1801 3442 1854 salutem

1863 1889 2062 1946 aﬂeres
2089 1907 2102 1944 :
2133 1890 2434 1945 ultricibus
2462 1895 2648 1944 autem
2681 1891 2851 1946 armis
2877 1897 3070 1945 contra
3103 1889 3448 1960 refragantes

1863 1981 2071 2049 uteris,
2112 1981 2261 2036 inter
2297 1995 2439 2052 quos
2484 1980 2692 2051 primas
2729 1988 2922 2035 tenent
2963 1980 3143 2034 tribus
3181 1977 3442 2042 lsraelis,

1862 2089 1990 2128 nam
2040 2085 2249 2143 sceptra
2297 2072 2604 2128 nominavit
2633 2076 2643 2136 ἐ
2673 2073 2874 2128 tribus.
2925 2070 3062 2126 Huic
3098 2071 3281 2127 simile
3317 2077 3444 2136 est,

1861 2163 2009 2234 quod
2042 2163 2310 2218 Dominus
2342 2162 2409 2218 de
2447 2163 2614 2218 beato
2650 2160 2824 2216 Paulo
2881 2162 3110 2216 Ananiae
3149 2162 3292 2215 dixit
3337 2160 3447 2215 Da-

1862 2255 2036 2310 masci
2064 2273 2079 2308 :
2110 2274 2128 2307 ι
2157 2252 2347 2318 Vade,
2377 2253 2640 2324 quoniam
2689 2267 2788 2308 vas
2833 2253 3124 2308 electionis
3170 2261 3258 2308 est
3308 2251 3446 2306 mihi

1862 2345 1997 2408 iste,
2035 2352 2096 2398 ut
2132 2351 2315 2415 portet
2361 2358 2562 2397 nomen
2615 2358 2795 2396 meum
2844 2356 3030 2396 coram
3086 2343 3341 2410 gentibus
3388 2350 3445 2396 et

1862 2437 2087 2508 regibus
2110 2477 2125 2502 ,
2164 2445 2218 2491 et
2252 2436 2380 2491 ﬁliis
2414 2435 2637 2490 lsraelis
2672 2437 2718 2487 ε.
2753 2455 2772 2487 ι
2800 2433 2956 2499 Quod
2988 2449 3122 2489 vero
3154 2433 3269 2488 ait:
3303 2453 3321 2484 ι
3352 2433 3446 2488 ln-

1862 2531 2097 2586 tendens
2149 2529 2408 2584 intendes
2464 2544 2657 2582 areum
2712 2535 2913 2591 tuum,
2948 2547 2966 2579 ι
3001 2535 3128 2596 apte
3186 2528 3447 2581 convenit

1861 2637 1990 2675 cum
2026 2621 2112 2674 his
2145 2635 2267 2690 qua:
2302 2635 2330 2672 a
2367 2620 2533 2674 beato
2566 2618 2770 2673 Davide
2800 2618 3104 2673 dicuntur:
3137 2635 3155 2668 ι
3179 2617 3440 2681 Intende,

1862 2728 2123 2784 prospere
2175 2712 2448 2781 procede,
2504 2720 2561 2767 et
2609 2727 2781 2783 regna
2817 2713 2882 2779 h;
2915 2731 2933 2765 ι
2963 2720 3017 2766 et
3058 2721 3180 2781 post
3221 2726 3438 2781 pauca:

1867 2825 1888 2857 ι
1923 2805 2148 2875 Sagittae
2179 2813 2285 2859 tuae
2313 2813 2489 2858 acutze
2511 2844 2525 2866 ,
2556 2803 2986 2870 Potentissime,
3021 2804 3212 2875 populi
3251 2805 3358 2858 sub
3388 2811 3444 2859 te

1860 2897 2059 2951 cadent
2111 2898 2163 2950 in
2217 2895 2381 2950 corde
2419 2895 2633 2967 1555
2669 2895 3014 2950 inimicorum
3069 2896 3214 2966 regis
3252 2897 3297 2949 ί.
3330 2915 3348 2948 ι
3372 2922 3426 2936 —-

1867 3006 1885 3040 ι
1918 2987 2125 3042 Fluviis
2162 2987 2447 3042 scindetur
2520 2998 2690 3043 terra.
2723 3007 2741 3040 ι
2770 2987 3241 3054 Quemadmodum
3281 2988 3429 3042 enim

1861 3081 2117 3150 agricola:
2166 3081 2222 3134 in
2273 3079 2453 3136 fossas
2503 3080 2756 3134 derivant
2791 3079 2992 3133 ﬂuvios
3017 3119 3034 3142 ,
3069 3089 3128 3134 ut
3165 3079 3443 3150 irrigatio-

1861 3189 1985 3230 nem
2027 3181 2188 3229 teme
2225 3181 2456 3243 parent:
2500 3172 2582 3228 sic
2623 3182 2882 3242 tanquam
2925 3171 3156 3240 [lumina
3192 3172 3441 3241 quaedam

1859 3269 2080 3324 divinos
2108 3268 2394 3340 apostolos
2432 3275 2487 3322 et
2525 3276 2836 3322 sectatores
2869 3281 3063 3321 eorum
3101 3264 3443 3327 distribues,
3507 3281 3512 3288 ·

1858 3369 1913 3418 et
1947 3361 2294 3433 spiritualem
2328 3360 2712 3431 irrigationem
2750 3350 3075 3415 hominibus
3105 3357 3325 3413 afferes.

1928 3618 2096 3675 Vsus.
2135 3619 2224 3675 ιο.
2254 3635 2273 3670 ι
2310 3616 2588 3674 Videbunt
2617 3623 2705 3683 te,
2738 3623 2793 3671 et
2824 3615 3091 3672 dolebunt
3131 3615 3277 3672 sicut
3310 3631 3439 3687 par—

1860 3712 2112 3775 turiens,
2149 3710 2361 3782 populi.
2393 3729 2414 3763 ι
2440 3709 2557 3764 Hoc
2598 3725 2729 3764 vero
2768 3709 3043 3778 duplicem
3091 3709 3434 3764 intellectum

1858 3804 2043 3860 habet.
2081 3803 2216 3857 Nam
2245 3811 2298 3857 et
2331 3801 2426 3873 qui
2457 3801 2850 3866 crediderunt,
2883 3807 3158 3871 patentem
3187 3802 3439 3870 videntes

1857 3897 2160 3966 potentiam
2194 3901 2344 3947 tuam
2369 3935 2384 3959 ,
2412 3902 2602 3947 amant
2627 3900 2684 3946 et
2707 3891 3025 3961 parturiunt
3053 3890 3330 3946 desiderio
3358 3892 3441 3946 vi-

1858 3985 2021 4041 dendi
2050 3999 2284 4054 regnum
2311 3990 2464 4037 tuum
2500 3981 2896 4051 sempiternum
2926 4000 2939 4035 :
2976 3987 3029 4035 et
3063 3981 3155 4051 qui
3183 3981 3440 4038 incredu-

1859 4077 2012 4132 litate
2063 4076 2407 4139 detinentur,
2457 4074 2713 4129 mulieris
2761 4074 3123 4143 parturientis
3169 4074 3436 4129 dolorcs'

1859 4165 2248 4232 sustinebunt,
2284 4168 2628 4222 tabescentes
2664 4166 2870 4220 invidia
2901 4166 3090 4235 gloria:
3123 4173 3249 4220 tuae.
3298 4183 3317 4216 ι
3346 4165 3440 4216 Di-

1861 4271 2122 4324 spergens
2166 4270 2340 4324 aquas
2385 4255 2604 4309 itineris
2644 4255 2789 4323 ejus.
2824 4273 2842 4304 ι
2882 4253 3008 4308 llaec
3058 4269 3278 4323 quoque
3322 4254 3436 4321 jam

1858 4346 2020 4402 dictis
2051 4348 2386 4400 conveniunt
2416 4364 2430 4400 :
2467 4360 2639 4414 aquas
2689 4345 2836 4399 enim
2880 4345 3082 4399 divinae
3123 4359 3237 4399 suae
3269 4344 3439 4397 disci-

1788 4477 1836 4534 D
1863 4437 2026 4506 plinm
2055 4451 2151 4506 per
2176 4437 2396 4492 divinos
2427 4437 2711 4507 apostolos
2739 4437 2796 4490 in
2828 4451 3019 4492 omnes
3047 4437 3299 4492 nationes
3322 4435 3438 4490 dis-

1863 4529 2076 4584 tribuit.

1940 4637 1960 4670 ‹
1994 4617 2152 4674 Dedit
2175 4618 2412 4690 abyssus
2439 4633 2628 4674 vocem
2656 4633 2810 4672 suam
2829 4658 2843 4683 ,
2867 4617 3101 4672 altitudo
3121 4614 3440 4671 ostentatio.

1863 4711 1952 4767 nis
1978 4713 2150 4782 ipsius
2186 4712 2396 4766 elevata
2430 4719 2534 4768 est.
2571 4711 2762 4783 (Vens.
2789 4711 2900 4782 li.)
2929 4710 3023 4765 Sol
3046 4717 3099 4766 et
3127 4710 3255 4763 luna
3287 4708 3438 4764 Stetit

1865 4802 1922 4857 in
1946 4801 2139 4858 ordine
2161 4791 2283 4856 suo.
2311 4821 2330 4854 ι
2359 4801 2607 4858 Perstitit
2635 4804 2688 4857 in
2721 4802 3042 4872 metaphora
3059 4841 3072 4863 .
3097 4809 3150 4854 et
3174 4813 3433 4854 sensuum

1866 4896 2316 4952 consecutionem
2358 4896 2618 4950 servavit.
2663 4895 2796 4949 Nam
2835 4909 2960 4948 eum
3004 4893 3195 4963 ﬂuuios
3248 4905 3440 4947 sacros

1867 4985 2145 5056 apostolos
2180 4985 2427 5049 vocarit,
2458 5002 2603 5040 mare
2631 4985 2884 5040 nominat
2909 4991 3105 5054 gentes
3136 4980 3438 5051 impietatis

1868 5075 2235 5130 amaritudine
2262 5075 2502 5130 affectas.
2531 5073 2638 5130 Sed
2663 5073 3124 5144 quemadmodum
3149 5072 3437 5126 lluviorum

1867 5165 1926 5221 in
1955 5179 2110 5222 mare
2147 5164 2496 5222 inﬂuentium
2539 5165 2754 5222 multus
2797 5164 2858 5219 ﬁt
2906 5165 3124 5222 sonitus
3154 5173 3209 5220 et
3239 5161 3438 5232 strepi-

1569 5495 1804 5549 VARUE
1845 5492 2251 5550 LECTIONES.

255 5581 302 5611 ’⁷
334 5580 618 5660 (ἷ-διόπερ.
683 5585 728 5616 ’⁸
767 5603 899 5660 παρ.
926 5588 1010 5660 _Ila
1047 5603 1168 5642 cum
1197 5588 1236 5642 C
1271 5590 1533 5660 lcgimus._
1557 5588 1729 5660 Sirm.
1756 5591 2042 5660 παρέχεις.

2147 5589 2190 5620 ²⁹
2212 5588 2329 5641 λαοὶ
2358 5617 2426 5626 —
2451 5605 2575 5640 πεσ.
2608 5584 2729 5641 Des.
2764 5586 2817 5641 in
2852 5586 2938 5640 ed.
2972 5598 3055 5650 pr.
3134 5581 3177 5612 ³⁰
3220 5580 3262 5631 Λ
3301 5589 3353 5632 et
3394 5576 3436 5632 C

1925 5645 1937 5656 ι

171 5653 444 5728 ’ποταμῶν
473 5655 769 5728 ῥαγήσεται
798 5653 890 5727 γῆ.
923 5657 1000 5710 Ita
1033 5674 1248 5728 quoque
1279 5653 1396 5722 LVI,
1431 5676 1479 5727 p.
1510 5657 1636 5722 900,
1672 5658 1812 5710 1275
1841 5653 2083 5714 ὲιΊκΗ.
2115 5656 2374 5713 Eamdem
2405 5659 2462 5712 ll.
2517 5674 2602 5713 cc.
2663 5656 2848 5728 videas
2907 5653 3432 5728 interpretationem.

174 5724 222 5755 ³¹
254 5722 378 5776 αὐτ.
415 5722 536 5778 Des.
573 5722 627 5776 in
661 5725 701 5777 Δ
732 5734 785 5780 et
815 5722 872 5780 (ἐξ
953 5728 995 5758 ³²
1028 5722 1109 5781 επ.
1147 5722 1222 5782 Ad
1259 5722 1471 5786 initium
1507 5745 1648 5785 vers.
1693 5729 1780 5794 ll,
1814 5729 2009 5785 referri
2043 5730 2199 5783 solet.
2276 5729 2321 5761 ⁸³
2352 5731 2467 5780 6—-
2496 5729 2617 5783 αὐτ.
2663 5726 2787 5782 Des.
2822 5727 2876 5778 iu
2907 5724 2968 5777 tl.
3256 5733 3259 5736 '
