3956 6202
475 253 604 326 ιεπι

1422 266 1907 329 THEODORETI
1956 264 2295 327 EPISCOPI
2335 265 2698 327 CYRENSIS

3577 265 3723 330 183?.

472 393 558 435 tus
583 417 601 445 ,
654 377 888 435 marinis
942 377 1208 436 ﬂuctibus
1243 380 1597 439 obstantibus
1620 422 1635 445 ,
1668 380 2047 452 inﬂuxumquc

2179 380 2227 444 ίς
2263 379 2497 450 πέλαγος
2529 379 2697 444 πολὺς
2726 375 2859 452 ἦχος
2886 381 2981 434 καὶ
3009 380 3180 450 ψόφος
3218 379 3576 443 ἀποτελεῖται,
3610 381 3727 434 τῶν

473 470 931 542 prohibentibus:
963 472 1043 527 sic
1089 486 1216 527 cum
1267 474 1500 542 apostoli
1555 483 1745 544 gentes
1790 488 2050 544 peragra-

472 572 631 626 rent,
668 571 722 617 ct
751 564 1051 618 salutarem
1090 562 1541 635 praedicationem
1586 558 1918 636 perferrent,
1960 572 2053 619 tu-

476 652 686 708 multus
712 660 907 706 contra
935 667 1032 708 eos
1064 653 1513 719 concitabantur,
1547 660 1602 709 et
1630 654 1932 710 seditiones
1966 652 2055 707 in-

475 743 715 799 lidelium
765 745 1295 813 contradicentium,
1351 753 1407 803 et
1458 745 1727 802 doctrinae
1772 744 2053 801 ﬂammam

475 835 819 906 restinguere
851 839 1195 893 conantium.
1245 838 1300 892 ld
1329 837 1479 909 quod
1512 820 1699 909 aperte
1731 851 1835 893 nos
1884 838 2055 891 Acto-

474 941 595 980 rum
623 927 858 982 historia
891 929 1073 984 docet.
1098 929 1311 1000 1555
1337 929 1537 1000 Ephesi
1570 929 1717 985 enim
1744 927 2060 985 Demetrius

475 1017 822 1087 argentarius
868 1026 1062 1072 contra
1111 1021 1395 1089 apostolos
1439 1019 1639 1075 turbas
1685 1019 1957 1075 excitavit
2006 1017 2058 1070 ἱ.

474 1105 729 1163 Corinthi
765 1125 896 1165 vero
930 1111 1021 1166 alii
1052 1112 1481 1177 exclamabant,
1512 1130 1532 1166 ι
1563 1111 1667 1179 Qui
1712 1113 1900 1168 orbem
1949 1118 2063 1167 ter-

477 1216 661 1258 rarum
691 1201 1115 1269 subverterunt,
1151 1202 1207 1257 bi
1240 1204 1329 1259 hic
1363 1204 1572 1260 adsunt
1609 1204 1655 1257 ιι.
1688 1223 1707 1257 ι
1735 1202 2060 1279 Hierosoly—

480 1295 585 1349 mis
626 1309 847 1364 quoque
891 1293 1064 1350 Judaei
1114 1302 1284 1350 totam
1331 1296 1525 1352 urbem
1573 1303 1767 1351 contra
1812 1294 2060 1350 divinum

481 1384 708 1441 Paulum
737 1394 1177 1455 commoventes,
1210 1387 1475 1444 Romanis
1503 1388 1723 1443 tandem
1754 1388 1913 1443 illum
1941 1396 2057 1442 tra-

478 1481 738 1537 diderunt
765 1498 778 1535 :
808 1486 972 1550 atque
1003 1479 1278 1551 ejusmodi
1311 1479 1530 1536 inﬁnita
1557 1480 1687 1537 licet
1714 1479 1986 1538 invenire.

557 1785 579 1821 ι
610 1766 668 1822 ln
698 1767 879 1823 lucem
909 1766 1098 1837 jacnla
1130 1775 1221 1822 tua
1260 1766 1450 1834 ibunt,
1485 1765 1541 1820 in
1574 1763 1927 1836 splendorem
1960 1776 2058 1818 co-

483 1859 820 1916 ruscationis
849 1873 1128 1914 armorum
1157 1866 1399 1914 tuorum.
1429 1856 1634 1930 (Vens.
1665 1856 1752 1913 ιε.
1779 1856 1799 1927 )
1825 1854 1883 1909 1η
1909 1869 2059 1910 οοιιι-

487 1952 789 2007 minatione
813 1952 1170 2007 conculcabis
1202 1958 1446 2014 terram,
1476 1959 1532 2006 et
1559 1950 1616 2004 in
1647 1946 1836 2003 furore
1864 1962 2062 2019 percu-

486 2044 592 2100 ties
638 2053 848 2115 gentes.
880 2062 900 2097 ι
942 2043 1010 2097 Et
1044 2044 1159 2099 haec
1199 2043 1330 2099 dum
1369 2045 1508 2098 linnt
1542 2043 1598 2098 in
1633 2042 2061 2097 concionatores

487 2137 746 2208 gentibus
786 2136 886 2193 abs
922 2143 979 2191 te
1025 2139 1266 2201 missos,
1300 2151 1402 2206 per
1442 2134 1769 2206 patientiam
1819 2132 2061 2195 toleras,

489 2226 701 2295 inquit,
745 2241 870 2280 cum
911 2225 1287 2295 inexplicabili
1332 2232 1610 2295 potestate
1653 2222 1919 2294 praeditus
1948 2222 2061 2282 sis.

489 2325 545 2371 et
580 2316 870 2371 ultricibus
899 2317 1139 2370 omnium
1170 2329 1432 2385 generum
1483 2315 1655 2369 armis
1698 2311 1979 2374 abundes,
2009 2317 2064 2365 ct

490 2408 607 2462 sola
649 2407 922 2462 minarum
974 2405 1381 2478 significatione
1429 2420 1651 2461 omnem
1694 2412 1898 2460 terram
1952 2416 2063 2457 una

484 2487 613 2553 cum
646 2498 843 2553 incolis
877 2498 1107 2568 perdere
1138 2499 1343 2567 possis.
1394 2496 1508 2552 llac
1561 2510 1693 2552 vero
1732 2495 1920 2551 divina
1960 2508 2062 2565 pao

491 2589 683 2643 tientia
714 2602 849 2643 usus
880 2603 977 2652 es,
1013 2588 1277 2658 quoniam

559 2684 727 2740 Vens.
766 2685 854 2738 15.
892 2702 911 2736 ι
947 2683 1215 2755 Egressus
1243 2700 1302 2741 cs
1338 2684 1393 2738 in
1426 2684 1661 2739 salutem
1706 2683 1897 2755 populi
1940 2682 2062 2759 tui,

503 2785 564 2832 ut
586 2778 832 2833 salvares
855 2776 1098 2833 christos
1122 2776 1435 2833 tuosalizec
1457 2790 1676 2846 quoque
1703 2776 1905 2832 similia
1934 2780 2067 2830 sunt

495 2870 565 2927 iis
594 2884 716 2942 qua:
746 2870 803 2924 in
837 2870 1013 2925 sacris
1044 2868 1358 2940 Evangeliis
1400 2870 1665 2923 dicuntur
1705 2882 1736 2922 a
1782 2868 2066 2923 Salvatore

496 2973 731 3019 nostro:
763 2980 783 3014 ι
813 2961 976 3018 Venit
1023 2961 1199 3018 Filius
1246 2961 1491 3017 hominis
1527 2960 1582 3014 in
1615 2960 1878 3015 mundum
1902 2998 1917 3023 ,
1954 2973 2063 3014 non

495 3064 556 3111 ut
582 3055 792 3126 judicet
825 3054 1095 3109 mundum
1118 3094 1132 3120 ,
1169 3054 1264 3110 sed
1297 3062 1354 3109 ut
1398 3054 1642 3109 salvetur
1695 3056 1936 3107 mundus
1968 3066 2066 3120 per
2092 3086 2136 3143 ϐ

493 3147 675 3218 ipsum
710 3143 1038 3202 LiChristos
1066 3154 1250 3201 autem
1277 3153 1439 3201 vocat
1463 3160 1558 3200 eos
1581 3144 1674 3214 qui
1703 3144 1879 3199 vocati
1902 3148 2062 3207 sunt,

493 3247 547 3295 et
578 3253 701 3293 cum
734 3236 838 3293 ﬁde
859 3237 1304 3309 praedicationem
1342 3235 1627 3307 Evangelii
1653 3242 2022 3306 susceperunt
2045 3273 2063 3299 ,

494 3329 782 3399 divinique
831 3328 1069 3399 Spiritus
1114 3328 1345 3399 gratiam
1389 3326 1683 3399 consecuti
1727 3335 1880 3383 sunt.
1915 3345 1935 3378 ι
1967 3323 2068 3380 Mi-

496 3419 619 3474 sisti
654 3418 710 3473 in
742 3420 923 3489 capita
960 3418 1280 3490 iniquorum
1318 3426 1550 3473 mortem
1574 3458 1590 3485 ,
1626 3418 1911 3473 suscitasti
1942 3417 2067 3473 vin—

496 3510 618 3564 cula
648 3524 823 3579 usque
855 3508 923 3563 ad
959 3509 1159 3564 collum
1181 3508 1284 3576 ,.in
1322 3507 1506 3563 linem.
1537 3525 1557 3561 ι
1587 3505 1684 3564 liis
1714 3508 1935 3579 quidem
1971 3506 2066 3578 qui

496 3599 879 3666 crediderunt,
930 3600 1169 3656 salutem
1223 3599 1510 3655 atmiisti:
1561 3612 1657 3656 eos
1707 3613 1871 3666 vero,
1900 3600 1920 3622 ⁶
1968 3597 2063 3669 qui

498 3704 729 3762 prorsus
776 3690 1043 3746 increduli
1096 3697 1463 3755 manserunt,
1520 3690 1685 3746 morti
1738 3690 2065 3757 tradidisti,

497 3782 801 3850 mortisque
828 3780 1070 3836 vinculis
1096 3780 1435 3837 astrinxisti.

566 3869 732 3924 Vens.
772 3870 858 3924 14.
900 3887 918 3920 ι
949 3868 1195 3924 Divisisti
1233 3872 1290 3923 in
1334 3878 1562 3940 stupore
1592 3871 1771 3941 capita
1794 3912 1809 3938 ,
1853 3870 2070 3942 1556

502 3959 809 4030 potentium
835 3999 850 4024 ,
881 3959 1381 4015 commovebuntur
1407 3961 1462 4014 in
1494 3975 1561 4015 eo
1588 3978 1602 4013 :
1640 3960 1885 4029 aperient
1916 3959 2070 4014 frena

498 4066 631 4117 sua,
670 4053 814 4108 sicut
848 4066 1055 4123 pauper
1085 4052 1385 4108 comedens
1416 4052 1471 4105 in
1516 4052 1865 4107 abscondito.
1899 4070 1919 4103 ι
1964 4050 2072 4105 Ρο-

500 4146 668 4200 tentia
719 4152 903 4200 autem
962 4153 1057 4199 tua
1102 4142 1393 4200 manifesta
1449 4143 1708 4199 omnibus
1753 4144 2070 4199 hominibus

502 4238 665 4303 facta,
699 4239 863 4294 etiam
900 4237 992 4309 qui
1034 4237 1246 4308 magnis
1286 4235 1495 4307 praediti
1527 4243 1683 4290 erant
1712 4236 2071 4305 potestatibus

501 4327 555 4380 in
587 4334 740 4380 tanto
763 4334 927 4382 erunt
958 4326 1157 4381 timore
1181 4364 1196 4389 ,
1231 4333 1291 4379 ut
1318 4340 1427 4380 non
1462 4324 1671 4390 libere,
1716 4325 1810 4380 sed
1852 4326 2071 4381 occulte

2087 1724 2136 1783 B

2152 469 2454 525 θαλαττίων
2505 471 2764 542 κυμάτων
2801 471 3114 542 εἰργόντων,
3159 472 3255 525 καὶ
3283 469 3581 541 ἐπεχόντων
3621 467 3735 537 τὴν

2150 564 2401 637 εἰσϐολήν
2431 582 2447 597 ’
2493 563 2667 628 οὕτως
2691 563 2800 618 τῶν
2846 563 3005 620 θείων
3039 564 3355 625 ἀποστόλων
3380 562 3451 616 τὰ
3473 562 3595 633 ἔθνη
3629 578 3733 615 meo

2156 656 2564 728 ρινοστούντων,
2596 655 2690 710 xa‘t
2721 655 2782 708 τὸ
2808 656 3077 726 σωτήριον
3104 652 3606 725 διαπορθμευόντων
3629 651 3733 724 κή-

2156 765 2363 819 ρυγμα,
2410 747 2628 819 θόρυϐοι
2675 747 2797 801 κατ’
2821 746 3003 800 αὐτῶν
3033 746 3331 811 ἐκινοῦντο,
3375 745 3472 800 καὶ
3514 744 3734 806 στάσεις

2154 841 2263 894 τῶν
2309 839 2557 893 ἀπίστων
2600 839 3025 907 ἀντιλεγόντων,
3074 838 3171 892 καὶ
3215 836 3500 890 σϐεννῠναι
3529 850 3736 905 πειρω-

2161 932 2337 1004 μένων
2365 934 2461 1003 τῆς
2493 933 2841 997 διδασκαλίας
2878 932 2979 1003 τὴν
3008 932 3202 1002 φλόγα.
3236 931 3347 985 Καὶ
3369 929 3530 984 τοῦτο
3548 927 3738 998 σαφῶς

2157 1024 2306 1094 ἡμᾶς
2337 1024 2370 1094 ἡ
2400 1021 2507 1076 τῶν
2542 1022 2801 1094 Πράξεων
2844 1022 3053 1094 ἱστορία
3080 1022 3342 1076 διδάσκει.
3398 1021 3488 1074 Ἐν
3526 1018 3739 1089 Ἐφέσῳ

2162 1115 2263 1187 μὲν
2292 1115 2399 1187 γὰρ
2446 1115 2756 1186 Δημήτριος
2801 1117 2830 1170 6
2876 1115 3255 1187 ἀργυροκόπος
3301 1114 3402 1185 τὴν
3449 1112 3591 1165 κατά
3628 1109 3741 1164 τῶν

2159 1197 2472 1261 ἀποστόλων
2507 1207 2726 1278 ἐκίνησε
2760 1207 3042 1278 ταραχήν·
3095 1207 3154 1259 ἐν
3192 1204 3442 1275 Κορίνθῳ
3472 1201 3532 1256 δὲ
3560 1202 3740 1271 ἕτεροι

2162 1298 2332 1352 ἐϐόων
2356 1315 2370 1329 ·
2417 1316 2436 1349 ι
2467 1299 2531 1352 0t
2560 1297 2657 1370 τὴν
2699 1297 3024 1370 οἰκουμένην
3051 1296 3555 1360 ἀναστατώσαντες,
3595 1288 3741 1349 οὗτοι

2159 1393 2255 1446 καὶ
2279 1392 2465 1447 ἐνθάδε
2488 1391 2762 1463 πάρεισιν.
2789 1411 2809 1443 ι
2829 1390 3326 1463 ἘνΊεροσολὺμοις
3344 1389 3400 1442 δὲ
3426 1391 3474 1442 oi
3500 1388 3742 1443 Ἰουδαῖοι

2160 1483 2342 1536 πᾶσαν
2382 1483 2480 1552 τὴν
2515 1482 2669 1535 πόλιν
2710 1482 2853 1535 κατὰ
2881 1480 2978 1535 τοῦ
3015 1480 3303 1534 Θεσπεσίου
3341 1478 3565 1533 Παύλου
3589 1478 3744 1548 κινή-

2163 1590 2373 1639 σαντες,
2424 1575 2736 1646 Ῥωμαίοις,
2784 1574 2848 1629 τὸ
2880 1575 3208 1639 τελευταῖον,
3252 1573 3583 1645 παρέδοσαν.
3635 1571 3747 1624 Καὶ

2163 1666 2299 1721 ἄλλα
2320 1668 2378 1720 δὲ
2406 1667 2580 1739 μυρία
2607 1667 2829 1721 τοιαῦτα
2865 1666 3011 1720 ἔστιν
3041 1666 3223 1737 εὑρεῖν

2240 1777 2259 1811 ι
2291 1760 2386 1822 Et;
2424 1758 2541 1829 φῶς
2574 1757 2780 1829 βολίδες
2821 1775 2915 1812 σου
2960 1756 3355 1829 πορεύσονταν
3413 1756 3497 1819 εἰς
3542 1754 3746 1823 φέγγος

2164 1834 2453 1922 ἀστραπῆς
2492 1849 2672 1904 ὃπλων
2722 1867 2839 1905 σου.
2889 1848 3024 1920 (ιβ’.)
3066 1849 3158 1904 Ἐν
3204 1848 3401 1919 ἀπειλῇ
3450 1847 3749 1917 συμπατή-

2168 1958 2281 2005 σεις
2298 1942 2345 1973 ³⁵
2392 1943 2497 2011 γῆν
2523 1981 2538 2005 ,
2571 1941 2669 1995 καὶ
2706 1942 2763 1995 ὲν
2801 1940 2960 2012 θυμῷ
3011 1939 3272 2004 πατάξεις
3289 1940 3333 1971 ³⁸
3379 1939 3535 2008 ἔθνη.
3568 1944 3592 1988 ι
3640 1937 3750 1991 Καὶ

2166 2032 2372 2086 τούτων
2401 2033 2702 2104 γινομένων
2732 2033 2813 2096 είς
2836 2033 2963 2096 τοὺς
2994 2030 3104 2084 ἀπὸ
3131 2030 3225 2085 σοῦ
3254 2029 3614 2102 πεμφθέντας
3640 2030 3750 2090 τοῖς

2167 2124 2342 2178 ἔθνεσι
2371 2126 2621 2195 κήρυκας
2646 2163 2661 2188 ,
2695 2122 3069 2195 μακροθυμείς
3092 2163 3108 2187 ,
3140 2122 3305 2194 φησὶν
3327 2161 3341 2185 ,
3376 2122 3631 2193 ἆρῤητον
3657 2120 3751 2189 μὲν

2167 2216 2307 2284 ἔχων
2326 2214 2425 2285 τὴν
2448 2214 2699 2285 δύναμιν,
2729 2214 2910 2268 ὃπλων
2939 2214 2996 2267 δὲ
3029 2212 3366 2267 κολαστικῶν
3385 2210 3752 2265 παντοδαπῶν

2167 2306 2437 2377 εὐπορῶν,
2471 2307 2565 2360 καὶ
2591 2306 2681 2360 διὰ
2714 2307 2881 2378 μόνης
2923 2306 3154 2377 ἀπειλῆς
3186 2305 3283 2378 τὴν
3312 2304 3613 2375 σύμπασαν
3652 2303 3753 2369 γῆν

2173 2398 2313 2470 μετὰ
2355 2398 2465 2453 τῶν
2517 2399 2817 2471 οἰκητόρων
2867 2397 3174 2469 διαφθεῖραι
3212 2397 3532 2467 δυνάμενος.
3585 2394 3672 2464 τῇ
3699 2393 3754 2445 δε

2173 2491 2525 2564 μακροθυμίᾳ
2551 2491 2816 2563 κέχρησαι
2840 2489 3034 2564 ταύτῃ,
3070 2489 3259 2560 ἐπειδὴ

2240 2690 2332 2761 ιγ’.
2366 2709 2385 2743 ι
2432 2689 2684 2762 Ἐξῆλθες
2714 2691 2795 2755 εἰς
2825 2689 3101 2761 σωτηρίαν
3130 2688 3225 2743 τοῦ
3248 2688 3294 2721 ³⁸
3329 2687 3459 2741 λαοῦ
3494 2704 3633 2754 σου,
3666 2686 3751 2740 τος

2173 2784 2343 2838 σῶσαι
2385 2783 2514 2847 τοὺς
2559 2783 2812 2853 χριστούς
2847 2800 2963 2836 σου.
3015 2802 3033 2834 ›
3076 2780 3184 2836 Καὶ
3226 2780 3401 2835 ταῦτα
3439 2780 3592 2833 ἔοικε
3650 2782 3755 2842 toi;

2172 2876 2277 2930 ὑπὸ
2315 2874 2408 2929 τοῦ
2452 2875 2704 2945 Σωτῆρος
2728 2875 2887 2944 ἡμῶν
2934 2877 2992 2928 ὲν
3037 2876 3149 2937 τοῖς
3182 2874 3348 2944 ἱεροῖς
3391 2871 3754 2940 Εὐαγγελίοις

2171 2966 2516 3038 είρημὲνοις’
2568 2982 2587 3016 ι
2622 2961 2826 3018 ἿΙλθεν
2849 2965 2893 2997 ³⁷
2940 2967 2970 3019 6
3017 2965 3148 3028 Υἱὸς
3192 2965 3288 3019 τοῦ
3335 2963 3641 3036 ἀνθρώπου
3683 2964 3755 3024 είς

2171 3059 2262 3113 τὸν
2301 3058 2539 3129 κόσμον,
2587 3057 2687 3127 οὐχ
2717 3056 2804 3110 ἴνα
2848 3057 3011 3127 κρίνῃ
3060 3056 3153 3110 τὸν
3202 3056 3438 3126 κόσμον,
3496 3053 3623 3109 ἀλλ’
3674 3056 3755 3106 ἵνα

2169 3150 2317 3222 σωθῇ
2340 3150 2369 3202 6
2394 3148 2597 3219 κόσμος
2625 3147 2694 3201 δι’
2736 3146 2924 3202 αὺτοῦ.
2962 3165 2980 3198 ι
3014 3146 3309 3214 Χριστοὺς
3344 3146 3403 3199 δὲ
3431 3145 3596 3198 καλεῖ
3632 3145 3753 3205 τοὺς

2166 3241 2266 3313 τῆς
2292 3241 2537 3312 κλήσεως
2568 3238 2899 3305 ἀξιωθέντας
2923 3280 2938 3305 ,
2977 3240 3070 3292 καὶ
3097 3236 3307 3301 πιστῶς
3328 3236 3673 3306 δεξαμένους
3699 3235 3755 3287 τὺ

2170 3335 2453 3405 κήρυγμα,
2482 3332 2577 3387 καὶ
2604 3334 2704 3402 τῆς
2725 3331 2818 3386 τοῦ
2847 3330 2994 3385 θείου
3020 3329 3339 3399 Πνεύματος
3364 3328 3593 3398 χάριτος
3622 3330 3754 3381 ἀπο-

2166 3426 2492 3490 λαύσαντας.
2533 3444 2552 3477 ι
2586 3425 2819 3488 Ἐϐαλες
2856 3425 2937 3487 είς
2966 3421 3210 3491 κεφαλὰς
3244 3421 3462 3489 ἀνόμων
3498 3417 3753 3479 θάνατον,

2168 3516 2455 3586 ἐξήγειρας
2496 3515 2728 3586 δεσμοὺς
2772 3512 2877 3576 ἕως
2907 3510 3178 3582 τραχήλου
3221 3509 3301 3571 εἰς
3351 3505 3529 3568 τέλος.
3570 3522 3590 3555 ι
3636 3504 3756 3566 Τοῖς

2173 3605 2272 3675 μὲν
2309 3599 2402 3657 οὖν
2431 3600 2853 3655 πεπιστευκόσιν
2882 3595 3092 3670 ὦρεξας
3129 3596 3230 3668 τὴν
3274 3592 3556 3665 σωτηρίαν
3578 3609 3594 3623 ·
3632 3593 3755 3651 τοὺς

2167 3699 2226 3753 δὲ
2253 3697 2340 3751 διὰ
2366 3696 2553 3758 τέλους
2578 3692 2953 3765 ὴπιστηκότας
2981 3688 3059 3760 τῷ
3082 3688 3297 3754 θανάτῳ
3334 3685 3678 3758 παρέδωκας
3692 3683 3751 3747 ³⁸,

2170 3785 2556 3862 περιτεθεικὼς
2582 3786 2764 3848 αὐτοῖς
2797 3783 2869 3837 τὰ
2893 3780 3087 3835 τούτου
3119 3779 3315 3850 δεσμά.

2242 3881 2326 3934 ιδ’.
2379 3898 2397 3931 ι
2437 3876 2706 3945 Διέκοψας
2749 3877 2809 3928 ὲν
2848 3873 3103 3928 ἐκστάσει
3149 3869 3394 3942 κεφαλὰς
3444 3867 3750 3928 δυναστῶν,

2172 3970 2548 4041 σεισθήσονται
2593 3969 2651 4020 ὲν
2696 3966 2833 4037 αὐτῇ
2859 3966 2903 3998 ³⁸
2934 3981 2948 3996 ⁸
2993 3962 3319 4028 διανοίξουσι
3363 3960 3630 4031 χαλινοὺς
3666 3959 3755 4011 αὖα

2169 4061 2314 4123 τῶν,
2347 4059 2423 4124 ὡς
2467 4062 2498 4113 6
2545 4058 2747 4112 ὲσθίων
2781 4056 2992 4125 πτωχὸς
3039 4054 3237 4125 λάθρα.
3274 4073 3294 4105 ι
3332 4053 3515 4123 Δήλης
3556 4052 3617 4103 δέ
3666 4067 3753 4104 σου

2170 4151 2339 4203 πᾶσιν
2375 4148 2687 4221 ἀνθρώποις
2728 4147 2828 4217 τῆς
2859 4145 3144 4215 δυνάμεως
3177 4141 3481 4212 γενομένης
3501 4183 3520 4206 ,
3582 4143 3679 4194 καὶ
3708 4140 3751 4191 οἱ

2169 4239 2268 4302 τὰς
2294 4239 2533 4310 μεγάλας
2558 4237 2933 4309 περικείμενοι
2953 4233 3272 4297 δυναστείας
3297 4234 3355 4286 ἐν
3378 4232 3489 4285 δέει
3510 4231 3754 4300 τοσούτῳ

2171 4332 2489 4401 γενήσονται
2511 4369 2525 4393 ,
2569 4330 2646 4393 ὡς
2670 4329 2797 4391 τοὺς
2826 4325 3102 4389 ἐναντίους
3129 4324 3320 4392 λόγους
3354 4323 3433 4394 μὴ
3477 4325 3582 4377 σὺν
3612 4324 3751 4392 παῤ-

502 4426 713 4472 tantum
741 4427 797 4472 et
825 4418 880 4472 in
912 4417 1102 4472 abdito
1130 4417 1245 4471 sint
1271 4416 1584 4472 oblocuturi
1608 4434 1622 4468 :
1649 4431 1788 4486 quos
1817 4415 1921 4472 rite
1948 4418 2065 4488 quis

2179 4421 2344 4493 ρησίᾳ
2369 4419 2662 4493 προφέρειν
2682 4459 2697 4481 ,
2729 4418 2843 4472 ἀλλ’
2881 4418 2940 4471 ὲν
2971 4416 3307 4487 παραϐύστῳ
3346 4416 3445 4468 καὶ
3487 4415 3749 4487 κρύϐδην,

501 4525 627 4564 cum
669 4509 922 4564 mendico
968 4508 1233 4579 quopiam
1279 4515 1598 4577 comparet,
1647 4509 1740 4579 qui
1784 4511 2065 4579 propalam

2175 4512 2267 4576 οὓς
2291 4511 2517 4574 εἰκότως
2544 4510 2611 4563 ἄν
2640 4526 2725 4571 τις
2751 4506 3061 4579 παραϐάλοι
3088 4504 3288 4575 πτωχῷ
3313 4522 3422 4557 τινι
3455 4505 3751 4577 προφανῶς

501 4601 685 4655 cibum
738 4615 938 4670 capere
984 4615 1095 4654 non
1148 4599 1383 4664 audeat,
1420 4599 1516 4655 sed
1561 4614 1658 4656 ore
1690 4600 1879 4658 clauso
1924 4603 2065 4657 hunc

2178 4602 2503 4674 μεταλαϐεῖν
2546 4601 2610 4654 οὐ
2653 4600 2922 4671 τολμῶντι
2971 4599 3177 4670 τροφῆς
3203 4638 3218 4661 ,
3263 4596 3403 4649 ἀλλὰ
3440 4597 3749 4668 μεμυκότος

504 4694 655 4748 intus
688 4693 971 4747 conﬁciat.

2174 4694 2270 4749 τοῦ
2296 4694 2562 4763 στόματος
2592 4691 2797 4762 ταύτην
2836 4690 2985 4743 ἔνδον
3013 4687 3353 4741 λεπτύνοντι.

573 4786 742 4842 Vitas.
778 4787 864 4841 15.
893 4804 912 4837 ι
942 4784 1007 4838 Et
1049 4783 1349 4840 ascendere
1384 4784 1563 4843 fecisti
1598 4787 1652 4843 in
1698 4802 1851 4843 mare
1897 4802 2065 4858 equos

2248 4790 2330 4839 ιε’.
2368 4804 2386 4835 ι
2415 4784 2525 4837 Καὶ
2566 4781 2899 4845 ἐπεϐίϐασας
2926 4780 3050 4843 τοὺς
3083 4780 3282 4841 ἵππους
3317 4795 3415 4831 σου
3442 4778 3487 4809 ⁸ο
3543 4780 3623 4842 είς
3640 4778 3746 4845 ,θᾶ-

504 4888 630 4934 tuos
653 4916 668 4940 ,
699 4878 1095 4934 conturbantes
1127 4892 1303 4947 aquas
1334 4878 1557 4933 multas.
1591 4900 1609 4932 ι
1639 4880 1815 4951 Supra
1847 4880 2065 4949 quidem

2177 4882 2398 4941 λασσαν,
2433 4874 2806 4945 ταράσσοντας
2836 4871 3005 4924 ὕδατα
3040 4868 3234 4922 πολλὰ.
3274 4887 3293 4919 ι
3332 4868 3486 4919 Ἀνω
3525 4869 3626 4937 μὲν
3660 4865 3745 4921 οὖν

503 4966 791 5021 ﬂuviorum
825 4968 881 5021 in
915 4981 1065 5022 mare
1093 4967 1439 5022 inﬂuentium
1467 4968 1784 5024 conﬂictum
1819 4970 1958 5024 dixit
1987 4970 2071 5023 lu-

502 5066 727 5112 turum:
759 5058 864 5114 hoc
909 5074 1042 5113 vero
1090 5062 1246 5125 loco,
1299 5076 1439 5131 quos
1487 5060 1683 5115 ﬂuvios
1732 5061 2068 5129 appellarit,

500 5164 658 5221 equos
688 5165 883 5206 rursus
914 5153 1157 5206 nominat
1185 5168 1199 5219 ;
1232 5153 1435 5222 quibus
1466 5158 1661 5220 gentes
1693 5151 2066 5218 abeuntihus,

2174 4968 2285 5022 τῶν
2321 4966 2579 5037 ποταμῶν
2620 4964 3015 5018 εἰσϐαλλόντων
3066 4962 3147 5023 εἰς
3183 4962 3283 5029 τὴν
3332 4959 3619 5013 θάλασσαν
3654 4961 3744 5025 τὴν

2176 5061 2345 5132 ζάλην
2377 5055 2497 5112 εἶπε
2534 5057 2855 5130 γενήσεσθαι
2882 5072 2897 5087 ’
2934 5052 3167 5108 ἐνταῦθα
3208 5053 3265 5105 δὲ
3289 5093 3304 5114 ,
3337 5051 3435 5114 οὓς
3475 5052 3743 5121 ποταμοὺς

2177 5150 2618 5221 προσηγόρευσεν
2642 5188 2657 5213 ,
2701 5149 2928 5211 ἵππους
2968 5145 3132 5198 πάλιν
3170 5143 3463 5213 ὠνόμασεν
3489 5159 3504 5173 ’
3556 5135 3632 5197 ὧν
3679 5144 3741 5194 τὰ

578 5333 592 5384 i
630 5333 752 5388 Act.
785 5347 898 5397 XIX,
926 5331 997 5385 2i
1021 5346 1175 5402 seqq.
1209 5331 1232 5370 ιι
1266 5333 1385 5388 Act.
1421 5346 1560 5397 xvn,
1601 5330 1656 5386 6.
1743 5329 1759 5368 ι
1793 5330 1952 5386 Joan.
1988 5344 2073 5396 ιιι,
2107 5330 2190 5384 17.

1806 5441 2048 5499 VARUS
2088 5440 2495 5497 LECTIONILS.

576 5560 620 5590 "
651 5578 819 5630 συμπ.
851 5563 891 5615 Δ
922 5561 1223 5630 όλιγώσεις.
1326 5562 1369 5591 ³⁵
1402 5579 1525 5614 me.
1556 5560 1740 5630 Lectio
1770 5561 1951 5630 minus
1982 5557 2258 5630 frequens.
2294 5558 2337 5630 Α
2365 5556 2526 5630 habet
2548 5554 2820 5630 κατάξεις
2855 5560 3028 5630 Juxta
3071 5566 3185 5630 rec.
3228 5552 3360 5605 lrct.
3393 5548 3522 5630 yid:
3562 5562 3736 5630 διψία.

504 5620 738 5730 11.10:“;
763 5636 855 5685 “"1
995 5620 1065 5730 "se
1087 5620 1356 5730 τοῦζζῃεδ·
1389 5633 1443 5683 in
1474 5632 1533 5683 υ.
1612 5632 1652 5662 a1
1686 5628 1887 5730 τιὶξθει)
1913 5657 1981 5668 -
2005 5620 2227 5730 κὸάμὲονι.
2260 5626 2587 5730 Λιὶιὲίιέ“ἱιι⁴ᾓ
2614 5626 2733 5730 1:33..
2772 5622 3330 5730 :j‘g'napaaéﬁwxag.
3403 5622 3450 5653 se
3476 5624 3516 5675 (ξ
3545 5620 3735 5679 dum}.

574 5714 604 5730 ο
690 5717 765 5730 ..ι-
814 5719 842 5730 -
922 5721 950 5730 ..
992 5725 998 5730 .
1058 5715 1171 5730 ...με
1225 5702 1479 5730 δέδαε-κ-..
1509 5700 1725 5730 “nni”...
1802 5712 1854 5730 ιιι
1886 5712 2104 5730 ηιιηηιιη
2276 5711 2308 5730 n
2380 5698 2392 5714 ‘
2589 5697 2621 5730 τι
2685 5715 2713 5730 ,ι

574 5714 621 5751 τ.
652 5692 779 5756 ιη.
812 5719 861 5755 σ.
897 5705 952 5757 In
983 5706 1023 5756 Α
1058 5715 1173 5772 ιιοει
1207 5701 1479 5754 θάλασσαν
1507 5700 1746 5770 ponitur.
1784 5699 1855 5752 Ita
1885 5692 2240 5769 quoquehi.
2275 5711 2327 5765 p.
2362 5698 2484 5763 89‘),
2520 5696 2657 5761 1054
2685 5704 2741 5750 ct
2772 5692 2925 5746 1060.
