3956 6202
285 348 421 413 1833

1492 353 1574 413 IN
1606 353 1951 417 HABACUC
2004 355 2160 420 CAP.
2202 354 2281 419 ll'.

3387 365 3517 436 1834

280 462 408 531 εθνη
441 460 759 532 περιόντων,
808 461 1094 516 συνίστατο
1126 462 1224 533 μὲν
1263 462 1331 516 τὰ
1363 462 1649 530 κλυδώνια,
1682 464 1848 519 διεδε-

1959 466 2208 534 prod‘illa:
2240 467 2459 538 quidem
2495 477 2701 524 exorta:
2737 478 2903 534 sunt,
2944 472 3042 528 bas
3090 490 3217 529 vero
3252 485 3522 549 tranquil-

278 568 405 623 χετο
452 552 508 605 δὲ
556 551 727 605 ταῦτα
769 552 977 623 γαλήνη
1019 552 1228 622 βαθεῖα.
1266 553 1436 608 Τοῦτο
1467 555 1564 609 καὶ
1591 557 1619 611 6
1651 555 1853 624 Κύριος

279 644 339 696 ἐν
394 645 508 703 τοῖς
562 643 726 714 ἱεροῖς
788 641 1135 712 Εύαγγελίοις
1181 640 1337 697 εἶπεν
1369 662 1382 675 ·
1448 665 1465 697 ι
1520 647 1633 704 Ούκ
1689 642 1853 717 ἦλθον

282 733 465 805 βαλεῖν
494 735 718 806 είρήνην
756 737 837 797 είς
865 736 963 803 τὴν
995 737 1322 807 οἰκουμένην
1346 778 1361 799 ,
1389 738 1526 792 ἀλλά
1557 741 1850 811 μάχαιραν,

278 824 498 897 διχάσαι
543 824 825 894 ἄνθρωπον
858 825 965 878 ἀπὸ
1003 826 1095 879 τού
1144 827 1370 896 πλησίον
1397 828 1440 859 δί
1487 827 1690 893 αὐτοῦ,
1740 828 1853 882 υίὸν

280 918 390 971 ἀπὸ
422 916 516 971 τοῦ
544 917 749 988 πατρός
778 917 963 983 αὐτοῦ,
1005 918 1280 991 θυγατέρα
1320 920 1428 974 ἀπὸ
1452 921 1495 952 ⁸³
1522 922 1619 991 τῆς
1648 920 1853 991 μητρὸς

280 1008 490 1078 αὐτῆς,
543 1010 635 1062 καὶ
686 1009 904 1080 νύμφην
953 1008 1061 1064 ἀπὸ
1108 1010 1207 1080 τῆς
1277 1011 1549 1081 πενθερᾶς
1604 1011 1792 1080 αὐτῆς.
1828 1027 1846 1060 ι

293 1098 513 1170 Ἐπειδὴ
559 1099 667 1171 γὰρ
715 1099 1023 1168 συμφώνως
1071 1100 1384 1169 ἠσπάζοντο
1427 1102 1528 1173 τὴν
1568 1100 1852 1162 ἀσέϐειαν,

279 1191 345 1259 τῇ
383 1188 520 1261 καλῇ
560 1189 958 1260 διαιρέσειλύει
991 1191 1090 1261 τήν
1134 1192 1308 1264 κακὴν
1351 1193 1713 1262 συμφωνίαν,
1757 1193 1854 1245 καὶ

284 1282 423 1349 μετά
450 1282 550 1356 τήν
575 1282 971 1355 ἐπαινουμένην
999 1282 1319 1355 διαφωνίαν,
1345 1284 1443 1355 τὴν
1458 1288 1557 1357 τῆς
1575 1285 1849 1350 εὐσεϐείας

280 1373 572 1447 ἐργάζεται
606 1372 668 1426 σύ
676 1391 926 1446 μπνοιαν.

354 1470 450 1529 ις’.
494 1481 513 1515 ι
555 1464 973 1538 Ἐφυλαξάμην,
1002 1467 1094 1522 καὶ
1120 1468 1359 1540 ἐπτοήθη
1391 1469 1422 1539 ή
1458 1469 1637 1524 κοιλία
1659 1469 1705 1501 ⁸³
1750 1485 1850 1541 μου

277 1556 388 1610 ἀπὸ
436 1555 622 1625 φωνῆς
659 1559 966 1628 προσευχῆς
1017 1559 1242 1629 χειλέων
1291 1576 1427 1630 μου⁸
1485 1561 1584 1615 καὶ
1631 1560 1853 1630 εἰσῆλοε

276 1647 481 1717 τρόμος
511 1646 591 1709 είς
631 1647 699 1699 τὰ
751 1648 885 1701 ὀστᾶ
939 1667 1081 1719 μου,
1133 1652 1228 1703 καὶ
1277 1650 1631 1704 ὑποκάτωθεν
1684 1668 1785 1720 μου
1808 1650 1854 1681 δι

278 1735 554 1809 ἐταράχθη
594 1736 763 1809 ήέξις
788 1737 833 1769 ⁸⁸
866 1754 987 1807 μου.
1029 1757 1047 1790 ι
1091 1738 1464 1809 Λογισάμενος
1492 1742 1519 1792 ό
1544 1741 1851 1809 Προφήτης,

276 1828 386 1883 ἀπὸ
408 1827 515 1881 τῶν
555 1829 860 1899 εἰρημένων
905 1824 993 1885 οἶα
1029 1829 1367 1901 συμϐήσεται
1405 1830 1679 1894 Ἰουδαίοις
1721 1831 1851 1883 ἀπι-

280 1912 490 1978 στοῦσι,
522 1913 633 1968 τῶν
680 1914 850 1970 ἐθνῶν
916 1917 1319 1982 πιστευόντων,
1357 1917 1670 1989 συμπαθείᾳ
1719 1920 1848 1990 περὶ

275 2005 403 2068 τοὺς
427 2004 734 2075 ὁμοφύλους
777 2006 1153 2078 χρησάμενος,
1191 2007 1416 2080 τρέμειν
1448 2008 1553 2079 ἔφη
1574 2048 1589 2072 ,
1638 2009 1734 2062 καὶ
1764 2010 1849 2064 δε-

275 2096 446 2151 διέναι
497 2097 606 2151 τῶν
643 2097 731 2150 διὰ
764 2098 860 2164 τῆς
901 2101 1211 2169 προσευχῆς
1251 2099 1555 2170 εἰρημένων
1602 2103 1852 2172 προρρή-

278 2206 419 2241 σεων
464 2188 646 2244 ἕνεκα.
712 2189 851 2242 Ἀλλ’
904 2190 1052 2256 ὅμως
1100 2190 1246 2261 ἔχω,
1285 2192 1438 2262 φησὶ,
1493 2191 1843 2262 παραψυχὴν,

275 2280 336 2331 τὸ
363 2280 436 2350 μὴ
470 2279 724 2347 γενέσθαι
753 2281 854 2352 τῆς
884 2282 1104 2334 ἐκείνων
1129 2281 1510 2351 κακοπραγίας
1540 2281 1838 2351 αὐτόπτης.

281 2389 302 2419 ι
350 2370 763 2439 Ἀναπαύσομαι
805 2372 914 2441 γὰρ
964 2374 1020 2424 ἐν
1046 2372 1228 2444 ἡμέρα
1269 2371 1501 2440 θλίψεως
1553 2388 1655 2440 μου
1682 2413 1697 2435 ,
1753 2371 1848 2424 τοῦ

275 2460 610 2531 ιῖιναϐἦναιδ⁸
640 2463 718 2525 είς
746 2463 874 2515 λαὸν
915 2464 1205 2530 παροικίας
1247 2480 1369 2532 μου.
1406 2481 1424 2513 ι
1471 2461 1584 2531 Πρὸ
1610 2460 1720 2533 γὰρ
1750 2462 1849 2532 τῆς

276 2553 558 2616 ἐκϐάσεως
594 2553 702 2605 τῶν
748 2556 1106 2631 προρρήσεων
1143 2554 1297 2615 τέλος
1329 2552 1422 2606 τού
1454 2552 1569 2623 βίου
1596 2552 1845 2621 δέξομαι,

275 2642 376 2693 καὶ
422 2643 519 2712 τῆς
558 2643 651 2697 τοῦ
684 2643 951 2719 παρόντος
1009 2643 1125 2712 βίου
1184 2642 1477 2716 παροικίας
1525 2640 1847 2715 ἀπαλλαγή-

277 2751 467 2804 σομαι.

349 2826 433 2890 ιζ’.
472 2845 490 2876 ι
523 2826 667 2881 Atri-rt
700 2826 836 2884 συκῆ
874 2826 934 2879 ού
971 2826 1409 2898 καρποφορήσει,
1443 2825 1536 2879 καὶ
1565 2827 1666 2880 οὐκ
1691 2824 1847 2881 ἔσται

272 2917 590 2987 γεννήματα
614 2917 672 2968 ἐν
696 2920 813 2979 ταῖς
840 2917 1100 2981 ἀμπέλοις
1128 2932 1139 2945 ·
1167 2916 1428 2985 ψεύσεται
1451 2916 1612 2987 ἔργον
1635 2916 1844 2982 ἐλαίας,

285 3006 375 3057 καὶ.
402 3007 472 3059 τά
503 3006 657 3059 πεδία
685 3008 743 3059 οὐ
774 3010 987 3078 ποιήσει
1022 3007 1254 3077 βρῶσιν·
1285 3007 1527 3072 ἐξέλιπεν
1556 3007 1663 3061 ἀπο
1706 3007 1849 3077 βρώς

274 3092 739 3167 σεωςπρόόατα,
773 3098 868 3151 καὶ
911 3100 1009 3167 οὐχ
1053 3097 1357 3168 ὑπάρξουσι
1402 3098 1525 3168 βόες
1573 3098 1666 3151 ἐπὶ
1712 3099 1848 3169 φάτ-

272 3204 417 3249 ναις.
467 3206 487 3238 ι
531 3186 644 3245 υύκ
666 3187 890 3257 ὄψομαι,
929 3187 1124 3256 φησὶν,
1161 3186 1284 3239 οὔτε
1330 3188 1501 3257 συκῆς
1541 3187 1843 3258 ἀκαρπίαν,

272 3274 398 3328 οὔτε
436 3276 623 3338 ἐλαίας
672 3276 929 3343 ἀγονάν,
982 3274 1104 3327 οὔτε
1160 3274 1404 3344 ἄμπελον
1443 3275 1551 3328 τῶν
1605 3275 1847 3349 βοτρύων

272 3366 650 3437 ἐστερημένην
671 3405 685 3429 ,
719 3366 840 3418 οὐδὲ
869 3365 1027 3418 πεδία
1068 3367 1176 3419 τῶν
1209 3364 1497 3434 ἀσταχύων
1530 3364 1748 3437 γυμνὰ,
1786 3366 1847 3422 ού

272 3458 423 3527 λιμῷ
446 3460 518 3510 τὰ
553 3459 726 3527 κτήνη
764 3455 1118 3526 φθειρόμενα.
1160 3458 1269 3509 Καὶ
1298 3455 1503 3509 τούτων
1525 3455 1581 3507 δὲ
1619 3456 1849 3526 ’ἑκαστον

271 3548 552 3618 τροπικῶς
582 3547 816 3617 εἴρηται.
847 3545 1053 3613 Συκῆν
1083 3546 1181 3615 μὲν
1209 3547 1316 3616 γὰρ
1344 3545 1446 3616 τὴν
1487 3545 1849 3616 Ἰερουσαλὴμ

273 3639 721 3710 προσηγόρευσεν
743 3656 757 3670 ο
784 3637 927 3692 οὕτω
960 3638 1069 3706 γὰρ
1100 3638 1245 3709 ἡμᾶς
1284 3638 1423 3688 νοεῖν
1452 3637 1481 3688 ό
1506 3636 1710 3706 Κύριος
1737 3636 1848 3689 ἐδί-

268 3732 405 3798 δαξε
433 3732 518 3784 διά
548 3731 647 3801 τῆς
683 3730 1020 3801 παραϐολῆς,
1059 3729 1229 3797 συκῆν
1255 3728 1503 3798 ἄκαρπον
1531 3728 1844 3793 ὑποδείξας,

281 3823 355 3891 ἢν
391 3824 420 3874 6
462 3822 763 3893 φυτουργὸς
804 3820 893 3874 διὰ
929 3821 1031 3889 τὴν
1076 3817 1352 3889 ἀκαρπίαν
1387 3819 1640 3888 ἐκτεμεῖν
1685 3818 1847 3887 ἡδου-

274 3910 449 3984 λήθησ
507 3913 535 3964 6
569 3912 626 3964 δὲ
665 3910 913 3982 γεωργὸς
949 3910 1129 3976 ὀλίγον
1174 3907 1450 3977 ἐνδοθῆναι
1501 3908 1691 3980 χρόνον
1740 3908 1850 3961 ίκέ-

270 4018 471 4054 τευσεν
497 4040 512 4063 ,
552 4002 692 4054 ὣστε
743 4000 911 4067 αὐτὴν
945 3998 1265 4067 ἐπιμελείας
1298 3997 1647 4063 ἀξιωθεῖσαν,
1679 3999 1710 4068 ἦ
1757 4000 1849 4052 τὸν

272 4094 494 4165 καρπὸν
546 4091 876 4154 ἀποδοῦναι,
945 4090 977 4160 ἢ
1049 4089 1349 4161 πρόρριζον
1410 4091 1840 4160 ἀνασπασθῆναι.

280 4185 598 4248 Ἀμπελον
647 4182 703 4234 δὲ
763 4182 854 4233 τὸν
916 4181 1044 4233 λαον
1086 4182 1119 4249 ή
1184 4178 1303 4231 θεία
1362 4179 1549 4250 Γραφὴ
1590 4180 1850 4243 πολλάκις

269 4276 529 4344 ὠνόμασε
558 4291 571 4304 ·
603 4273 695 4327 καὶ
728 4273 814 4325 ἵνα
842 4271 940 4332 τὰς
966 4271 1131 4333 ἄλλας
1161 4270 1476 4322 καταλείπω
1513 4271 1841 4339 μαρτυρίας,

1956 559 2080 613 litas
2115 561 2350 617 maxima
2370 558 2613 631 excepit.
2655 562 2770 619 lloc
2815 569 2983 619 etiam
3024 566 3295 631 Christus
3323 572 3376 624 in
3426 588 3518 627 sa-

1955 649 2067 704 cris
2101 650 2408 720 Evangeliis
2440 653 2616 709 dixit:
2653 672 2671 704 ι
2703 653 2820 709 Non
2862 657 2982 715 veni
3019 665 3078 713 ut
3116 676 3304 729 pacem
3340 665 3520 720 mitle-
3594 684 3599 691 ·

1955 754 2068 797 rem
2105 741 2156 795 in
2188 742 2373 796 orbem
2394 781 2410 805 ,
2443 742 2540 796 sed
2572 744 2812 812 gladium
2841 765 2854 800 :
2894 749 3016 802 veni
3068 749 3216 806 enim
3262 767 3521 821 separare

1954 832 2231 887 hominem
2277 846 2306 886 a
2357 833 2604 906 proxime
2650 835 2945 903 coniuncto
2993 841 3140 906 sibi,
3186 851 3240 898 et
3286 845 3456 904 tilium
3492 863 3522 906 ιι

1957 933 2111 994 patre
2134 938 2236 978 suo
2256 964 2272 988 ,
2298 931 2352 978 et
2377 922 2542 980 ﬁliam
2573 940 2603 978 a
2629 936 2801 992 matre
2824 946 2922 985 sua
2943 971 2958 997 ,
2989 942 3042 986 et
3071 949 3270 994 nurum
3300 952 3330 990 a
3360 953 3520 994 socru

1958 1030 2056 1069 sua
2086 1026 2144 1065 ω.
2172 1033 2190 1066 ι
2220 1014 2352 1068 Nam
2382 1016 2511 1085 quia
2539 1019 2891 1077 concorditer
2922 1022 3255 1092 impietatem
3282 1029 3522 1097 amplexi

1956 1112 2085 1161 sunt
2104 1147 2117 1170 ,
2147 1106 2373 1174 pulchra
2402 1106 2674 1163 divisione
2701 1109 2956 1166 dissolvit
2981 1116 3180 1169 malam
3208 1121 3524 1174 consensio-

1957 1209 2078 1247 nem
2102 1235 2116 1258 ,
2149 1201 2203 1249 et
2230 1203 2352 1263 post
2383 1195 2659 1257 laudatam
2692 1198 3096 1265 dissensionem
3131 1205 3357 1281 pictatis
3386 1224 3522 1269 con-

1955 1286 2200 1345 cordiam
2233 1286 2413 1351 eﬂicit,

2027 1461 2195 1519 Vsus.
2239 1464 2325 1519 16.
2364 1484 2380 1516 ι
2415 1466 2702 1523 Cttstodivi
2729 1509 2743 1535 ,
2773 1464 2833 1523 et
2863 1470 3116 1526 extimuit
3150 1482 3337 1530 venter
3367 1492 3522 1535 meus

1957 1568 1988 1606 a
2019 1570 2150 1608 voce
2183 1556 2452 1613 ot-ationis
2502 1558 2774 1614 labiorum
2827 1577 3073 1617 meorum
3103 1583 3116 1617 :
3150 1576 3204 1619 et
3239 1567 3523 1636 ingressus

1955 1654 2041 1698 est
2070 1654 2274 1700 tremor
2306 1646 2360 1701 in
2395 1663 2522 1704 ossa
2552 1664 2670 1704 mea
2691 1689 2707 1714 ,
2746 1658 2799 1705 et
2842 1652 3033 1707 subter
3075 1669 3161 1709 me
3192 1659 3520 1714 conturbata

1956 1743 2040 1789 est
2066 1736 2327 1791 fortitudo
2357 1754 2495 1794 mea.
2529 1757 2548 1791 ι
2580 1737 2860 1810 Reputans
2888 1758 3076 1799 secum
3104 1747 3366 1806 ett-dictis
3393 1764 3523 1819 pro:

1886 1811 1929 1866 Β
1960 1827 2120 1895 plteta
2167 1827 2376 1899 1557
2416 1840 2626 1900 quanta
2677 1833 2821 1886 mala
2861 1831 3068 1890 Judmis
3142 1811 3522 1907 impende-rent

1956 1918 2048 1986 qui
2083 1922 2344 1987 gentibus
2372 1923 2728 1981 credentibus
2762 1925 2862 1994 ipsi
2902 1943 3011 1981 non
3050 1929 3378 1996 crederent.
3416 1932 3521 1988 mi-

1955 2003 2253 2060 sericordia
2302 2007 2357 2061 in
2402 2010 2745 2066 contribules
2789 2026 3131 2079 commotus,
3180 2024 3418 2075 tremere
3463 2037 3522 2077 se

1952 2107 2017 2151 ac
2045 2096 2236 2153 timere
2262 2095 2433 2161 dixit,
2462 2099 2533 2155 ob
2563 2107 2692 2156 ante
2723 2102 2899 2159 dictas
2931 2105 3036 2163 sub
3067 2108 3345 2167 orationis
3378 2124 3516 2178 spe-

1951 2189 2037 2243 cie
2066 2190 2473 2258 prwdicliones.
2507 2192 2611 2247 Sed
2641 2200 2822 2249 tamen
2856 2196 2967 2257 haec
2989 2238 3002 2259 .
3036 2197 3247 2267 inquit,
3278 2202 3411 2259 mihi
3438 2212 3523 2261 est

1955 2278 2297 2343 consolatio,
2343 2296 2432 2338 me
2472 2282 2690 2339 illarum
2737 2285 3115 2338 calamitatum
3159 2298 3520 2354 spectatorem

1952 2383 2059 2422 non
2088 2383 2212 2423 esse
2240 2368 2506 2431 futurum.
2540 2387 2558 2422 ι
2592 2370 2963 2440 Requiescam
2990 2376 3138 2436 enim
3172 2376 3264 2431 die
3291 2378 3524 2434 tribula-

1953 2460 2117 2515 tionis
2163 2476 2295 2515 meze
2320 2504 2336 2528 ,
2385 2471 2444 2515 ut
2473 2462 2768 2521 ascendam
2805 2463 2870 2521 ad
2903 2468 3164 2534 pupulum
3199 2472 3521 2539 peregrina.

1951 2550 2117 2604 tionis
2168 2565 2321 2604 ineac.
2361 2569 2379 2601 ι
2414 2552 2552 2606 Ante
2607 2561 2861 2606 eventum
2912 2556 3058 2607 enim
3105 2557 3520 2624 praedictionum

1951 2642 2058 2695 vita
2091 2640 2376 2709 defungar,
2405 2648 2460 2696 et
2491 2642 2559 2696 ab
2586 2642 2752 2712 hujus
2783 2645 2909 2698 vita:
2940 2644 3187 2702 incolatu
3221 2647 3520 2707 liberabor.

2018 2819 2185 2874 Vens.
2211 2820 2299 2874 17.
2338 2837 2357 2871 ι
2389 2819 2523 2886 Quia
2567 2820 2700 2877 ﬁcus
2731 2838 2839 2876 non
2867 2821 3005 2877 feret
3034 2822 3297 2887 fructum.
3325 2835 3380 2882 et
3408 2842 3516 2885 non

1946 2909 2105 2965 erunt
2132 2912 2373 2980 germina
2414 2912 2467 2965 in
2497 2913 2706 2978 vineis;
2754 2915 3046 2969 mentietur
3091 2930 3230 2983 Opus
3258 2917 3434 2981 olim,
3467 2928 3521 2974 et

1946 3002 2121 3071 campi
2142 3017 2247 3055 non
2266 3000 2540 3070 proferent
2555 3016 2733 3058 escam
2753 3018 2767 3068 ;
2802 3001 3119 3062 defecerunt
3139 3007 3206 3058 ab
3225 3020 3352 3063 esca
3371 3022 3522 3071 oves.

1947 3103 2003 3146 et
2038 3109 2143 3145 non
2172 3102 2329 3146 erunt
2351 3092 2515 3147 boves
2558 3093 2624 3145 ad
2658 3095 2943 3164 prmsepia.
2973 3113 2991 3145 ι
3023 3093 3142 3149 Non
3180 3096 3395 3159 videbo.
3440 3097 3525 3157 in-

1947 3185 2083 3254 quit,
2116 3184 2314 3239 licuum
2336 3184 2797 3250 infecunditatem,
2827 3202 2941 3242 non
2973 3189 3128 3242 oliva:
3155 3189 3524 3255 sterilitatem,

1949 3290 2055 3332 non
2077 3275 2286 3328 vineam
2311 3275 2541 3329 racemis
2562 3276 2898 3343 destitutam,
2924 3293 3100 3347 neque
3121 3293 3343 3348 campos
3359 3280 3524 3349 spicis

1950 3381 2170 3423 vacuos.
2189 3380 2360 3434 neque
2384 3380 2579 3435 pecora
2595 3368 2610 3385 °
2629 3365 2772 3420 fame
2792 3366 3061 3422 confecta.
3089 3367 3526 3438 Unumquodth

1948 3470 2012 3510 ex
2041 3455 2126 3509 his
2156 3457 2363 3524 tropice
2383 3456 2592 3513 dictum
2609 3465 2716 3510 est.
2748 3455 2879 3509 Nam
2901 3456 3059 3525 ﬁcum
3099 3455 3525 3527 Hierosolymam

1950 3545 2380 3615 appellavihsic
2429 3545 2574 3601 enim
2632 3545 2936 3615 intelligere
2986 3562 3088 3605 nos
3144 3547 3329 3606 docuit
3362 3546 3521 3603 Chri-

1948 3645 2065 3690 stus
2087 3651 2182 3704 per
2204 3634 2512 3704 parabolam
2540 3644 2588 3697 ιι,
2616 3635 2775 3688 ticum
2800 3635 3040 3691 sterilem
3064 3637 3333 3703 indicans,
3358 3654 3520 3708 quam

1948 3742 2071 3780 eum
2088 3730 2366 3796 plantator
2381 3724 2452 3779 ob
2472 3725 2814 3782 sterilitatem
2836 3726 3157 3782 exscindere
3185 3728 3362 3791 vellet,
3385 3730 3527 3799 agri-

1948 3818 2068 3871 cola
2104 3816 2385 3887 paululum
2429 3816 2690 3885 temporis
2713 3816 2829 3870 dari
2856 3817 3087 3886 rogavit.
3120 3825 3180 3874 ut
3202 3833 3266 3877 ea
3298 3817 3527 3889 diligen-

1949 3917 2033 3962 ter
2092 3915 2280 3961 curata
2339 3913 2433 3958 aut
2498 3905 2735 3964 fruetum
2800 3906 3053 3970 aﬂ'erret,
3109 3914 3204 3965 aut
3258 3908 3525 3965 radicitus

1947 3998 2377 4067 exstirparetur.
2435 3996 2649 4051 Vineam
2695 4006 2875 4053 autem
2927 3990 3297 4068 saepenumero
3339 3999 3520 4056 divina

1950 4090 2230 4159 Scriptura
2256 4090 2516 4158 populum
2548 4089 2884 4155 nominavit;
2907 4097 2981 4157 et,
3009 4100 3066 4142 ut
3086 4091 3190 4142 alia
3217 4091 3526 4145 testimonia

1948 4179 2218 4240 omittam,
2243 4194 2339 4247 per
2374 4178 2566 4232 Isaiam
2600 4179 2740 4233 Deus
2767 4178 2923 4231 aito:
2959 4196 2977 4228 ι
3011 4177 3183 4233 Vinea
3208 4187 3389 4231 autem
3420 4177 3525 4230 De-

1949 4270 2081 4323 mitti
2142 4268 2487 4322 exercituum
2542 4266 2743 4321 domus
2790 4266 3011 4320 lsraelis
3060 4274 3187 4329 est,
3231 4275 3282 4320 et
3332 4264 3527 4319 domus

267 4367 366 4422 διὰ
413 4366 634 4419 Ἡσαΐου
666 4366 829 4434 φησὶν
857 4364 885 4415 ὁ
920 4360 1052 4422 Θεός
1074 4377 1086 4389 ’
1127 4379 1145 4411 ι
1186 4360 1245 4412 '0
1277 4359 1385 4427 γὰρ
1419 4360 1685 4428 ἀμπελὼν
1732 4363 1846 4413 Κυ-

1953 4356 2097 4412 Judte
2113 4356 2317 4409 novella
2348 4353 2607 4423 plantatio
2623 4352 2995 4411 dilectissima.
3018 4352 3282 4423 Exspecta
3293 4355 3339 4407 vi
3363 4362 3421 4408 ut
3445 4351 3526 4410 fa-

271 4457 403 4530 ρίου
435 4454 660 4508 Σαϐαὼθ
699 4450 846 4515 οἶκος
891 4448 1105 4520 Ἰσραήλ
1157 4450 1312 4511 ἐστι,
1358 4448 1450 4500 καὶ
1495 4450 1522 4501 ό
1570 4446 1716 4511 οἶκος
1747 4449 1839 4502 τοῦ

1953 4459 2096 4500 ceret
2138 4443 2426 4514 judicium,
2472 4442 2600 4499 fecit
2622 4451 2802 4497 autem
2826 4439 3190 4510 iniquitatem,
3223 4453 3405 4499 etnon
3435 4443 3525 4512 ju-

286 4546 462 4602 Ἰούδα
486 4547 738 4616 νεόφυτον
767 4542 1143 4613 ἠγαπημένον.
1185 4541 1417 4610 Ἔμεινα
1476 4538 1569 4592 τοῦ
1618 4540 1845 4608 ποιῆσαι

266 4639 495 4709 κρίσιν,
544 4637 764 4706 ἐποίησε
810 4635 866 4691 δὲ
914 4633 1185 4701 ἀνομίαν,
1238 4631 1331 4684 καὶ
1373 4631 1433 4682 οὐ
1483 4630 1851 4700 δικαιοσύνην,

266 4729 418 4785 ἀλλὰ
456 4729 727 4798 κραυγήν.
774 4746 792 4779 ι
851 4727 1097 4782 Ἐλαίαν
1130 4725 1187 4776 δέ
1238 4723 1493 4792 ἄγονον,
1524 4724 1649 4785 τοὺς
1697 4724 1857 4792 Φαρι-

269 4821 465 4883 σαίους
508 4820 601 4872 καὶ
626 4818 1019 4879 Σαδδουκαίους
1052 4818 1152 4868 οὐκ
1181 4816 1246 4870 ἀν
1286 4830 1369 4877 τις
1412 4812 1646 4884 ἁμάρτοι
1679 4829 1847 4883 προσ-

266 4909 607 4979 αγορεύσας,
637 4908 685 4960 οἳ
712 4909 804 4960 ἐπὶ
837 4906 912 4976 τῷ
942 4909 1040 4973 τῆς
1069 4902 1412 4971 δικαιοσύνης
1435 4902 1658 4971 ὀνόματι
1690 4902 1847 4972 βρεν-

269 5003 576 5070 Ουόμενοι,
626 4999 824 5068 ἔρημοι
869 4998 976 5049 τῶν
1033 4997 1238 5066 ταύτης
1296 4996 1539 5064 ὑπῆρχον
1594 4993 1840 5062 καρπῶν.

271 5096 402 5145 ’Ὅτι
438 5092 494 5144 δὲ
526 5091 606 5154 είς
651 5090 834 5143 εἰκόνα
877 5088 1100 5140 δικαίων
1151 5086 1288 5155 αὕτη
1333 5083 1836 5155 παραλαμϐάνεται,

271 5184 490 5257 μάρτυς
520 5184 548 5236 ὀ
578 5182 751 5252 μέγας
793 5180 958 5233 Δαϐὶδ
991 5177 1158 5248 βοῶν·
1189 5196 1207 5228 ε
1250 5176 1391 5245 Ἐγὼ
1419 5176 1473 5229 δὲ
1512 5177 1644 5227 ὡσεὶ
1698 5176 1850 5228 ἐλαία

344 5369 387 5396 ιη
424 5354 618 5410 Matth.
653 5372 708 5419 ι,
736 5357 825 5417 δι,
861 5356 949 5409 55.
1023 5360 1049 5388 ιι
1090 5352 1219 5406 Luc.
1254 5368 1369 5412 xm.
1403 5350 1436 5404 6
1470 5366 1622 5420 seqq.

1702 5358 1726 5385 °
1761 5351 1867 5405 Isa.
1903 5366 1955 5415 ν,
1981 5350 2032 5405 7.

1952 4537 2181 4598 stitiam,
2250 4533 2344 4590 sed
2418 4535 2742 4591 clamorem.
2813 4531 3025 4589 Olivam
3090 4548 3254 4604 porro
3317 4534 3527 4609 1553

1951 4627 2186 4684 sterilem
2221 4628 2265 4680 si
2313 4625 2436 4694 quis
2489 4624 2804 4678 Pltaristcos
2838 4632 2889 4678 et
2938 4622 3270 4682 Sadducazos
3305 4624 3524 4689 dixerit.

1952 4734 2060 4771 non
2110 4716 2313 4769 errabit
2354 4714 2484 4783 :qtti
2512 4713 2741 4782 justitiaa
2788 4712 3007 4767 nomine
3050 4703 3171 4768 sese
3210 4712 3526 4775 eﬂerentes,

1954 4810 2021 4862 ab
2045 4808 2208 4877 hujus
2239 4806 2508 4860 fructibus
2551 4811 2709 4858 erant
2749 4803 3018 4858 destituti.
3083 4803 3293 4861 Olivam
3349 4812 3525 4865 autem

1956 4900 2163 4953 referre
2205 4898 2495 4965 imaginem
2524 4895 2825 4965 jttstorum,
2858 4895 2972 4961 ipse
3002 4892 3167 4947 David
3199 4894 3355 4949 testis
3388 4902 3472 4948 est
3510 4912 3521 4946 :

1959 4992 2116 5059 «Ego
2173 4996 2351 5043 autem
2392 4988 2535 5042 sicut
2596 4986 2741 5039 oliva
2790 4983 3070 5039 fructifera
3104 4984 3157 5039 in
3209 4985 3372 5039 domo
3412 4986 3529 5053 Dci‘

1949 5080 2165 5150 speravi
2216 5078 2269 5132 in
2306 5073 2679 5131 misericordia
2731 5073 2823 5127 Dei
2867 5072 2970 5127 mei
3032 5072 3084 5125 in
3123 5082 3384 5126 aeternum
3416 5082 3465 5123 2.
3509 5091 3525 5119 ι

1960 5170 2185 5237 Campos
2223 5182 2353 5221 vero
2385 5166 2744 5235 infructuosos
2770 5171 2929 5224 vocat
2955 5176 3142 5220 eorum
3180 5161 3378 5223 ditiooi
3408 5162 3531 5225 sui.»

2113 5356 2140 5397 ιι
2172 5345 2314 5401 Psal.
2350 5360 2437 5410 ιι,
2474 5344 2527 5399 8.

1590 5467 1823 5522 νΑῘζΙΑἳ
1863 5465 2258 5522 LECTEONES.

353 5590 396 5622 ⁸⁸
431 5589 529 5641 ἀπ.
569 5605 619 5641 τ.
653 5592 740 5641 τξιι.
766 5589 908 5642 Loco
943 5590 1033 5641 cit.
1084 5600 1187 5651 est,
1225 5589 1360 5640 κατᾶ
1390 5587 1479 5637 τοῦ
1515 5588 1727 5650 πατρός.
1763 5587 1835 5639 11).
1873 5587 1989 5638 «les.
2029 5587 2142 5637 ui‘w
2171 5587 2277 5638 ἀπὸ
2306 5605 2351 5639 τ.
2385 5605 2443 5640 π.
2477 5589 2598 5639 αὐτ.

985 5661 1027 5688 "'"
1064 5660 1197 5710 κοιλ.
1237 5661 1277 5709 Α
1306 5657 1519 5726 καρδία.
1597 5660 1640 5685 δ”
1680 5658 1772 5707 ύπ.
1812 5673 1931 5727 μου.
1970 5659 2008 5709 Α
2042 5662 2096 5708 ἐν
2127 5658 2264 5711 ἐμοί.

276 5668 402 5724 post
436 5674 606 5729 pauca
646 5670 730 5713 est
755 5661 909 5711 κατά.

277 5734 319 5781 t;
334 5729 413 5784 δέ.

640 5821 910 5881 Ριτιιοι..
959 5822 1072 5882 (in.
1125 5819 1400 5880 LXXXI.

2694 5591 2739 5620 δ’
2791 5589 2912 5640 ἀπό.
2973 5587 3113 5638 Loco
3158 5586 3249 5636 cit.
3300 5580 3351 5635 lt.
3399 5579 3433 5631 1.
3473 5584 3524 5634 et

2943 5658 2988 5687 "‘
3010 5652 3165 5707 ἁναό.
3196 5652 3236 5701 Α
3270 5649 3389 5702 add.
3434 5663 3526 5723 μὶ.

3135 5810 3207 5875 58

2365 5656 2414 5686 ⁸³
2585 5659 2627 5710 Α
2673 5656 2840 5727 ἰσχύς.
