3956 6202
450 322 583 387 1835

1432 324 1915 437 TliEODOliEJ‘l
1952 324 2287 387 EPISCOPI
2327 323 2690 383 CYRENSIS

3558 316 3678 380 18Ἱὸ

437 446 637 515 joctos,
676 441 729 494 in
779 454 917 509 quos
952 440 1114 493 etiam
1146 436 1411 495 Jeremias
1445 438 1776 493 vociferatur
1802 458 1814 492 :
1838 436 1876 490 ι
1905 437 2010 491 No-

2139 440 2467 509 ιατάκαρπος
2501 443 2557 492 ἐν
2603 438 2677 508 τῷ
2719 438 2853 507 οἴκῳ
2883 436 2977 490 τοῦ
3014 436 3149 489 Θεοῦ
3174 476 3189 497 ,
3243 436 3447 505 ἦλπισα
3500 437 3590 487 ἐπὶ
3627 436 3679 487 τὺ

446 540 567 585 vate
590 531 744 587 vobis
763 530 973 593 novale,
991 529 1231 583 etnolite
1252 544 1432 583 serere
1454 545 1619 599 super
1635 530 1824 598 spinas
1838 539 1885 584 ς.
1909 547 1926 580 ι
1955 528 2018 584 Et

444 641 560 679 oves
595 624 845 679 similiter
876 629 1033 677 vocat
1054 622 1349 691 subjectos,
1379 622 1579 692 quibus
1606 622 1802 677 famem
1836 623 2014 676 mina-

446 723 552 767 tur.
588 730 607 762 ι
629 712 766 766 Ecce
791 713 958 774 enim,
989 711 1184 780 inquit,
1222 712 1428 766 mittam
1473 710 1669 767 famem
1712 728 1879 782 super
1911 721 2018 767 ter-

444 819 582 869 ram,
635 818 745 858 non
794 801 993 857 famem
1040 804 1220 873 panis,
1275 819 1450 874 neque
1505 804 1652 859 sitim
1714 818 1887 874 aqum,
1923 803 2017 860 scd

447 897 643 950 famem
678 894 934 951 audiendi
980 897 1204 951 verbum
1248 895 1462 951 Domini
1494 904 1539 950 ι’.
1571 913 1589 947 ι
1654 894 1822 950 Boves
1893 910 2020 950 vero

446 1006 546 1042 non
608 989 915 1043 exsistenles
977 988 1047 1042 ad
1115 988 1372 1057 prwscpia
1413 1026 1427 1053 ,
1481 985 1795 1044 sacerdotes
1838 985 2011 1051 dicit,

446 1094 679 1150 quorum
717 1078 930 1143 altaria,
961 1079 1090 1133 olim
1119 1077 1496 1142 celeberrima,
1539 1076 1759 1132 deserta
1806 1090 2054 1131 roman--

447 1179 656 1225 serunt.
694 1168 851 1231 Nam,
892 1168 1353 1240 quemadmodum
1381 1168 1550 1223 boves
1595 1176 1754 1221 arant
1794 1173 2020 1231 terram,

449 1263 529 1316 sic
561 1261 742 1332 populi
772 1262 982 1315 animas
1014 1260 1332 1315 sacerdotes
1382 1258 1726 1321 excolebant,
1761 1265 2022 1325 tanquam

452 1363 662 1424 pastum
692 1353 980 1423 quemdam
1006 1353 1074 1407 ab
1101 1353 1194 1406 illo
1233 1351 1564 1422 accipientes
1588 1364 1651 1404 ea
1690 1364 1810 1420 quae
1838 1347 2029 1403 altari.

449 1445 552 1498 bus
575 1444 739 1498 veluti
772 1443 1108 1513 praesepibus
1138 1443 1450 1497 olferuntur
1481 1458 1495 1494 :
1533 1440 1601 1495 de
1633 1441 1835 1510 quibus
1861 1439 2026 1494 etiam

453 1536 645 1591 beatus
677 1534 879 1592 Paulus
913 1536 990 1589 ait
1027 1553 1039 1589 :
1087 1553 1105 1585 ι
1136 1533 1252 1588 Νοη
1303 1532 1569 1603 obligabis
1599 1546 1662 1587 os
1703 1531 1826 1587 bovi
1866 1530 2029 1584 tritu-

451 1628 595 1681 ranti
628 1635 675 1681 ³.
709 1645 727 1679 ι
766 1626 1007 1697 itemque
1042 1645 1056 1682 :
1094 1646 1111 1678 ι
1140 1626 1241 1691 Qui
1277 1624 1436 1678 altari
1466 1622 1735 1686 serviunt,
1769 1621 1836 1676 de
1871 1621 2027 1676 altari

448 1732 671 1790 quoque
696 1719 1025 1789 participant
1059 1718 1098 1771 ι.
1131 1736 1148 1768 ι
1188 1715 1391 1772 Verum
1423 1715 1477 1769 hi
1521 1714 1740 1784 quidem
1775 1713 1831 1768 in
1884 1712 2030 1783 ejus-

455 1808 603 1863 modi
635 1808 978 1863 calamitates
1006 1806 1248 1861 incident
1283 1823 1297 1859 :

2120 530 2267 593 ἔλεος
2305 530 2397 583 τοῦ
2446 529 2582 583 Θεοῦ
2639 548 2740 599 μου
2800 530 2879 592 εἰς
2941 528 3032 581 τὸν
3088 526 3280 581 αἰῶνα.
3341 546 3360 578 ι
3418 524 3601 579 Πεδία
3631 526 3682 579 δὲ

2120 622 2358 690 ἄκαρπα
2404 623 2527 686 τοὺς
2556 622 2660 675 ὑπὸ
2685 620 2893 684 τούτοις
2942 619 3228 682 τελοῦντας
3269 616 3681 690 προσαγορεύει,

2121 712 2257 783 πρὸς
2296 712 2390 775 οὓς
2433 713 2527 767 καὶ
2582 713 2855 783 Ἱερεμίας
2888 710 3048 782 νβοᾷο
3095 730 3113 762 ι
3173 709 3434 762 Νεώσατε
3484 710 3684 771 ἑαυτοῖς

2122 804 2413 874 νεώματα,
2461 807 2555 858 καὶ
2601 805 2677 875 μὴ
2730 804 2990 875 σπείρητε
3048 805 3135 856 ἐπ’
3192 802 3489 863 ἀκάνθαις.
3539 801 3687 853 »Καὶ

2122 895 2386 962 πρόϐατα
2425 895 2482 948 δὲ
2515 896 2640 958 τοὺς
2671 894 3010 965 ἀρχομένους
3040 892 3230 956 καλεῖ,
3271 886 3359 954 οἷς
3402 890 3496 943 τὸν
3546 890 3688 961 λιμὸν

2122 987 2355 1041 ἀπειλεῖ.
2408 1005 2426 1039 ι
2477 987 2607 1040 Ἰδοὺ
2647 988 2776 1058 γὰρ,
2812 987 2996 1056 φησὶν,
3038 984 3149 1053 ἐγὼ
3173 984 3362 1050 ἐπάξω
3403 983 3563 1053 λιμὸν
3606 982 3690 1035 ἐπὶ

2122 1078 2223 1148 τὴν
2253 1081 2377 1150 γῆν,
2416 1078 2476 1130 οὐ
2526 1078 2680 1149 λιμὸν
2722 1077 2916 1149 ἄρτου,
2957 1077 3079 1130 οὐδὲ
3105 1075 3265 1147 δίψαν
3299 1074 3518 1139 ὕδατος,
3566 1072 3690 1127 ἀλλὰ

2127 1166 2286 1240 λιμὸν
2334 1168 2427 1223 τοῦ
2477 1169 2706 1223 ἀκοῦσαι
2751 1169 2910 1236 λόγον
2961 1168 3191 1239 Κυρίου.
3226 1188 3244 1220 ι
3286 1169 3446 1232 Βόας
3482 1166 3543 1220 δὲ
3589 1168 3690 1234 οὐχ

2128 1262 2512 1330 ὑπάρχοντας
2558 1261 2628 1313 ἐν
2659 1260 2910 1329 φάτναις
2952 1260 3078 1322 coli;
3126 1257 3310 1330 ἱερέας
3344 1256 3584 1325 λέγειν’,
3626 1248 3692 1308 ὧν

2124 1352 2311 1424 ἔρημα
2344 1354 2623 1423 μεμένηκε
2651 1353 2720 1406 τὰ
2754 1352 2924 1406 πάλαι
2952 1350 3365 1422 πολυθρύλλητα
3405 1349 3692 1419 θυσιαστή-

2130 1461 2221 1515 ρια
2246 1460 2259 1473 '
2294 1444 2544 1515 καθάπερ
2573 1444 2683 1515 γάρ
2720 1445 2769 1496 οί
2803 1442 2922 1514 βόες
2958 1442 3265 1514 γεωργοῦσι
3307 1442 3408 1511 τὴν
3455 1440 3586 1510 γῆν,
3616 1437 3696 1492 οὗ·

2127 1552 2234 1596 τως
2268 1535 2318 1588 οί
2355 1537 2519 1604 ἱερεῖς
2555 1534 2873 1605 ἐνεούργουν
2919 1534 3012 1587 τοῦ
3045 1532 3173 1587 λαοῦ
3217 1533 3314 1595 τὰς
3341 1530 3522 1601 ψυχάς
3543 1569 3559 1593 ,
3595 1523 3695 1582 οἷόν

2128 1645 2251 1681 τινα
2289 1626 2495 1697 τροφὴν
2537 1627 2666 1699 παρ’
2705 1626 2869 1681 αὐτοῦ
2900 1624 3251 1695 κομιζόμενοι
3280 1624 3354 1676 τά
3398 1625 3511 1686 τοῖς
3540 1620 3696 1684 θείοις

2132 1715 2538 1788 θυσιαστηρίοις
2572 1715 2823 1786 καθάπερ
2855 1714 2968 1768 τισὶ
3003 1712 3427 1785 προσφερόμενα
3452 1711 3697 1780 φάτναις.

2067 1778 2106 1833 Β
2135 1806 2272 1876 Περὶ
2320 1778 2532 1858 cod-rum
2569 1805 2663 1858 καὶ
2702 1805 2731 1857 ὁ
2788 1778 3059 1873 μακάριος
3116 1778 3232 1870 sed
3271 1778 3482 1860 [Ἰαῦλος
3508 1812 3523 1826 ·
3562 1813 3582 1846 ι
3632 1794 3700 1846 Οὐ

452 1897 721 1969 φιμώσεις
776 1896 902 1968 βοῦν
953 1897 1219 1952 ἀλοῶντα.
1267 1916 1284 1949 ι
1338 1897 1446 1949 Καὶ
1497 1897 1696 1951 πάλιν·
1751 1916 1769 1948 ι
1820 1897 1882 1949 Oi
1945 1895 2022 1968 τῷ
2055 1897 2427 1968 θυσιαστηρίῳ
2457 1896 2954 1968 προσεδρεύοντες,
3013 1893 3092 1964 τῷ
3146 1888 3521 1961 θυσιαστηρίῳ
3582 1902 3705 1957 συμ·

454 1986 794 2058 μερίζονται.
848 2006 867 2038 ι
913 1986 1053 2039 Ἀλλ’
1106 1980 1251 2040 οὗτοι
1315 1985 1415 2056 μὲν
1467 1983 1749 2049 τοιαύταις
1811 1987 2239 2057 περιπεσοῦνται
2268 1987 2669 2058 δυσπραξίαις·

524 2075 901 2137 Vsus.18,l9.
935 2092 953 2124 ι
981 2074 1092 2142 Ego
1121 2083 1300 2128 autem
1331 2073 1386 2128 in
1419 2072 1651 2128 Domino
1694 2073 1989 2128 exsultabo
2015 2090 2030 2139 ;

457 2167 709 2239 gaudebo
764 2167 832 2220 de
877 2165 987 2220 Deo
1044 2164 1325 2219 Salvatore
1372 2180 1513 2220 meo.
1572 2164 1835 2221 Dominus
1895 2163 2038 2220 Deus

463 2272 618 2311 meus
672 2256 940 2310 fortitudo
990 2271 1131 2319 mea,
1188 2264 1241 2310 et
1282 2265 1447 2326 ponet
1489 2257 1657 2326 pedes
1697 2271 1848 2312 meos
1888 2257 2036 2311 sicut

461 2348 607 2401 cervi
639 2364 651 2399 :
685 2361 851 2416 super
878 2346 1098 2401 excelsa
1124 2355 1288 2416 ponet
1330 2361 1438 2412 me,
1472 2354 1530 2401 ut
1566 2348 1780 2401 vincam
1814 2347 1867 2400 in
1909 2362 2039 2402 can-

462 2437 571 2491 tico
602 2435 744 2504 ejus.
769 2456 788 2486 ι
814 2433 1057 2488 Tametsi
1085 2437 1230 2489 enim
1270 2446 1495 2506 propter
1533 2436 1657 2491 illos
1687 2435 1947 2491 mmstitia
1985 2442 2041 2490 et

469 2531 667 2581 timore
727 2526 977 2595 oppletus
1042 2524 1140 2587 fui,
1182 2534 1365 2582 tamen
1398 2526 1467 2581 ob
1497 2525 1591 2582 Dei
1629 2526 1735 2582 mei
1786 2527 2038 2597 gloriam,

460 2631 585 2685 quae
644 2614 935 2670 manifesta
984 2614 1077 2670 fiet
1105 2616 1360 2672 omnibus
1422 2616 1759 2681 hominibus,
1830 2614 2044 2686 1559

460 2706 681 2760 exsulto
714 2712 768 2758 et
794 2704 1028 2774 gaudeo.
1089 2697 1450 2758 Conlirmabit
1486 2704 1631 2759 enim
1666 2715 1877 2758 natura:
1910 2717 2042 2757 mea:

464 2791 835 2850 inﬁrmitatem
880 2837 896 2862 ,
929 2805 983 2849 et
1021 2796 1170 2849 velut
1218 2811 1437 2850 cervum
1486 2794 1812 2864 praeparabit
1862 2808 1949 2847 mc
1976 2792 2041 2847 ad

464 2901 747 2961 serpentes
779 2895 797 2914 ⁴
825 2899 879 2946 et
941 2893 1194 2961 scorpios
1251 2879 1675 2956 conculcandos,
1727 2896 1782 2944 et
1828 2888 2046 2960 suppri-

466 2985 719 3039 mendam
766 2984 831 3037 :in
896 2982 1274 3053 spiritualibus
1340 2980 1682 3052 nequitiam,
1742 2982 1916 3037 donec
1978 2980 2045 3036 ad

466 3092 736 3133 summam
768 3077 1019 3131 virtutem
1055 3076 1404 3145 perveniens,
1437 3076 1718 3132 victricem
1772 3076 2048 3131 laudatio-

466 3183 593 3222 nem
645 3175 938 3221 cantavero
970 3164 1321 3221 Salvatorict
1368 3165 1618 3221 Creatori
1650 3165 1885 3238 (meo).
1932 3165 2042 3222 Nc-

466 3270 577 3325 que
602 3269 733 3309 vero
777 3254 966 3324 ignoro
999 3252 1182 3308 dicere
1222 3255 1544 3321 nonnullos,
1575 3256 1668 3326 qui
1708 3264 1876 3311 totam
1927 3271 2047 3327 pre~

2211 2081 2299 2147 ιη’,
2334 2076 2419 2131 ιθ’.
2460 2096 2479 2126 ι
2534 2075 2674 2144 Ἐγὼ
2725 2076 2783 2129 δὲ
2825 2077 2883 2129 ὲν
2931 2074 3009 2146 τῷ
3042 2074 3232 2148 Κυρίῳ
3276 2070 3705 2142 ἀγαλλιάσομαι’

2137 2166 2449 2237 χαρήσομαι
2482 2164 2575 2217 ἐπὶ
2614 2162 2691 2234 τῷ
2729 2163 2848 2234 Θεῷ
2896 2163 2975 2234 τῷ
3019 2162 3236 2235 Σωτῆρι
3274 2178 3397 2232 μου.
3446 2159 3657 2233 Κύριος
3683 2158 3710 2209 6

2138 2258 2270 2320 Θεός
2301 2275 2401 2328 μου
2437 2257 2667 2327 δύναμίς
2710 2274 2812 2327 μου
2833 2299 2847 2323 ,
2902 2257 2999 2310 καὶ
3049 2254 3202 2319 τάξει
3235 2254 3361 2317 τοὺς
3391 2252 3561 2314 πήδας
3619 2267 3712 2320 μου

2139 2347 2270 2399 ὡσεὶ
2317 2347 2517 2417 ἐλάφου
2534 2349 2617 2414 ⁸⁸,
2670 2349 2764 2402 καὶ
2784 2348 2827 2379 ⁸³
2880 2348 2972 2400 ἐπὶ
3021 2345 3091 2400 τὰ
3133 2344 3312 2417 ὑψηλὰ
3349 2342 3576 2413 ἐπιϐιϐᾷ
3631 2359 3711 2414 με,

2138 2438 2236 2492 τοῦ
2267 2440 2483 2510 νικῆσαί
2528 2458 2595 2510 με
2636 2441 2695 2494 ἐν
2727 2442 2795 2511 τῇ
2836 2438 2944 2511 ᾠδῇ
2996 2437 3184 2492 αὐτοῦ.
3237 2457 3256 2489 ι
3296 2438 3358 2490 Εἰ
3391 2437 3499 2507 γάρ
3530 2439 3632 2490 καὶ
3656 2436 3711 2489 δι’

2142 2532 2385 2596 ἐκείνους
2422 2531 2663 2602 ἀθυμίας
2705 2529 3044 2602 ἐνεπλήσθην
3088 2529 3183 2583 καὶ
3212 2528 3395 2592 δέους,
3445 2528 3596 2582 ἀλλὰ
3635 2527 3715 2583 διὰ

2140 2625 2239 2695 τὴν
2293 2622 2388 2676 τοῦ
2446 2622 2583 2675 Θεοῦ
2629 2639 2731 2693 μου
2774 2621 2933 2686 δόξαν
2986 2621 3087 2691 τὴν
3147 2621 3351 2675 ἅπασιν
3404 2618 3717 2689 ἀνθρώποις

2141 2715 2307 2786 δήλην
2331 2714 2727 2785 γενησομένην,
2758 2714 2851 2767 καὶ
2878 2713 3171 2783 γάννυμαι,
3200 2712 3296 2765 καὶ
3324 2710 3715 2782 εὐφραίνομαι.

2155 2806 2467 2878 ’Υπερείσει
2505 2807 2613 2876 γάρ
2642 2824 2743 2877 μου
2777 2806 2873 2877 τῆς
2903 2804 3117 2874 φύσεως
3149 2804 3248 2875 τὴν
3281 2804 3601 2868 ἀσθένειαν,
3629 2800 3719 2856 καὶ

2143 2897 2301 2970 δίκην
2350 2898 2551 2966 ἐλάφου
2583 2898 2710 2960 τοὺς
2743 2895 2918 2967 ὅφεις,
2967 2896 3063 2950 καὶ
3100 2896 3227 2959 τοὺς
3268 2894 3594 2965 σκορπίους,
3634 2892 3722 2946 καὶ

2147 2988 2215 3042 τὰ
2241 2988 2590 3058 πνευματικά
2625 2986 2727 3058 τῆς
2757 2986 3020 3059 πονηρίας
3049 2986 3461 3058 παρασκευάσει
3501 2988 3718 3048 πατεῖν,

2147 3082 2253 3145 ἓως
2289 3081 2356 3136 ἂν
2390 3080 2482 3136 τοῦ
2512 3080 2679 3151 ὕψους
2712 3081 2810 3151 τῆς
2849 3080 3049 3151 ἀρετῆς
3091 3078 3447 3149 ἐφικόμενος,
3478 3080 3582 3131 τὸν
3608 3080 3723 3130 ἐπι-

2151 3175 2320 3227 νίκιον
2360 3173 2527 3242 ὕμνον
2585 3171 2702 3244 ᾄσω
2751 3170 2831 3242 τῷ
2884 3170 3100 3244 Σωτῆρι
3158 3170 3255 3224 καὶ
3309 3170 3545 3241 Ποιητῇ.
3600 3165 3723 3225 Οἶδα

2154 3266 2252 3337 μὲν
2280 3259 2396 3331 οὖν,
2429 3264 2505 3328 ὥς
2533 3281 2676 3327 τινες
2701 3263 2916 3318 ἃπασαν
2941 3261 3038 3334 τὴν
3065 3260 3159 3316 τοῦ
3197 3262 3530 3331 Ἀμϐακοὺμ
3568 3278 3725 3331 προσ-

467 3347 743 3401 eationem
768 3344 1042 3399 Habacuci
1070 3345 1333 3403 historice
1359 3347 1691 3420 intelligunt,
1723 3348 1790 3405 de
1827 3349 2037 3405 reditur

2155 3355 2319 3427 ευχὴν
2350 3353 2636 3426 ίστορικῶς
2666 3355 3002 3425 νενοηκότες,
3051 3354 3177 3421 περὶ
3220 3353 3318 3423 τῆς
3350 3352 3415 3405 ἐκ
3458 3351 3724 3406 Βαϐυλῶ-

470 3440 740 3511 Babylone
762 3439 876 3494 baec
919 3439 1239 3509 prophetam
1288 3443 1709 3511 praenuntiasse.
1742 3445 1856 3514 Ego
1890 3458 2042 3509 vero,

470 3531 516 3585 si
540 3534 664 3598 quis
684 3528 847 3584 etiam
893 3529 1072 3600 typice
1114 3528 1182 3585 de
1228 3530 1339 3586 illis
1394 3532 1508 3586 haec
1564 3532 1820 3602 praedicta
1876 3531 2048 3587 fuisse

473 3622 627 3685 velit,
689 3635 798 3675 non
848 3621 1166 3692 repugnabo
1217 3641 1231 3677 :
1277 3638 1401 3677 nam
1434 3631 1490 3679 et
1546 3623 1614 3678 iis
1649 3639 1769 3695 quae
1800 3639 1828 3676 a
1890 3624 2049 3679 nobis

470 3720 727 3766 enarrata
777 3722 924 3777 sunt,
970 3714 1084 3768 haec
1126 3713 1486 3786 intelligentia
1522 3716 1783 3769 convenit
1821 3730 1836 3771 ε
1874 3713 2049 3782 siqni-

471 3802 596 3857 dem
627 3816 893 3856 novorum
926 3812 1087 3871 typus
1121 3803 1444 3860 manifestus
1484 3813 1612 3860 sunt
1642 3816 1840 3859 vetera.
1872 3802 2046 3858 Caete-

475 3905 598 3945 rum
624 3890 923 3945 absurdum
952 3893 1163 3960 putavi,
1197 3895 1288 3948 ubi
1318 3895 1519 3949 veritas
1548 3894 1739 3957 vineit,
1771 3899 1826 3947 et
1858 3893 2047 3947 umbra

475 3981 782 4035 occultatur
810 3993 838 4033 a
881 3994 1136 4052 corpore,
1169 3983 1234 4038 ad
1289 3984 1400 4037 alia
1448 3980 1789 4052 prophetiam
1845 3979 2049 4036 referre

477 4070 615 4126 nihil
644 4070 867 4142 penitus
891 4084 1016 4127 cum
1052 4074 1162 4130 illis
1198 4072 1641 4128 convenientem.
1673 4069 1729 4124 Si
1767 4070 1892 4140 quis
1917 4085 2047 4125 vero

477 4171 735 4219 accurate
761 4178 993 4222 noscere
1018 4167 1221 4229 studet,
1264 4168 1644 4233 perscrutetur
1674 4162 2042 4232 prophetiam,

478 4262 533 4305 et
557 4252 763 4309 videbit
797 4255 920 4324 eius
952 4256 1188 4326 plurima
1221 4265 1565 4321 nequaquam
1597 4265 1720 4306 cum
1748 4253 1892 4324 typis
1917 4268 2049 4308 con-

479 4344 751 4411 gruentia.
780 4342 886 4400 Sed
905 4346 973 4400 de
999 4346 1104 4411 his,
1143 4353 1203 4398 ut
1231 4342 1465 4412 quisque
1497 4341 1665 4407 volet,
1682 4341 1914 4413 iudicet.
1940 4343 2051 4411 Ego

480 4443 664 4489 autem
696 4435 935 4490 lectores
963 4435 1253 4499 admoneo,
1283 4440 1344 4486 ut
1369 4448 1433 4488 ex
1466 4433 1909 4489 enarrationibus
1943 4435 2048 4489 uti-

478 4524 686 4593 litatem
704 4524 1031 4595 percipiant,
1050 4522 1339 4580 etvirtutis
1362 4522 1561 4578 divina:
1577 4523 1890 4595 adjumento
1911 4524 2047 4593 nixi,

479 4630 701 4670 cursum
741 4614 1046 4685 perficiant,
1090 4622 1145 4670 et
1179 4615 1434 4673 victrices
1481 4631 1719 4672 coronas
1768 4626 2046 4687 appetant,

2147 3463 2235 3509 νος
2271 3445 2533 3500 ἐπανόδου
2573 3445 2779 3514 ἔφασαν
2805 3443 2894 3497 τὸν
2932 3445 3223 3516 Προφήτην
3258 3441 3429 3496 ταῦτα
3457 3459 3725 3521 προειρη-

2149 3540 2303 3593 κέναι
2333 3556 2347 3570 ο
2384 3538 2495 3606 ἐγὼ
2523 3537 2602 3604 δὲ,
2634 3539 2683 3591 εί
2719 3537 2818 3607 μὲν
2848 3538 2943 3592 καὶ
2969 3536 3215 3601 τυπικῶς
3248 3537 3334 3591 ἐπ’
3362 3535 3609 3599 ἐκείνοις
3643 3551 3722 3596 τις

2149 3631 2321 3685 ταῦτα
2348 3629 2710 3705 προειρῆσθαι
2737 3628 3008 3699 βούλεται,
3037 3628 3097 3681 οὐ
3120 3626 3552 3697 διενεχθήσομαι
3578 3643 3594 3658 ·
3620 3627 3727 3689 τοῖς

2149 3721 2258 3793 γάρ
2282 3723 2370 3790 ὑφ’
2393 3720 2552 3791 ἡμῶν
2583 3719 2964 3792 ἐρμηνευθεῖσι
2996 3718 3283 3790 συμϐαίνει
3315 3720 3407 3772 καὶ
3435 3719 3471 3787 ἡ
3500 3718 3722 3785 τοιαύτη

2148 3812 2385 3876 διάνοια,
2427 3811 2587 3883 εἴπερ
2619 3811 2837 3881 ἀληθῶς
2860 3809 3030 3874 τύπος
3073 3810 3311 3880 ἐναργὴς
3350 3808 3461 3863 τῶν
3488 3810 3637 3863 νέων
3664 3808 3727 3860 τὰ

2150 3900 2375 3955 παλαιά.
2424 3902 2662 3955 Ἀτοπον
2714 3900 2773 3955 δὲ
2801 3900 3008 3972 ᾠήθην.
3063 3900 3161 3968 τῆς
3199 3898 3458 3969 ἀληθείας
3499 3897 3729 3969 κρατού-

2150 4004 2272 4059 σης,
2304 3989 2398 4044 καὶ
2431 3990 2531 4060 τῆς
2576 3991 2736 4053 σκιᾶς
2763 3990 2868 4044 ὑπὸ
2898 3990 2995 4044 τοῦ
3044 3988 3298 4058 σώματος
3327 3986 3725 4056 καλυνςθείσης.

2149 4080 2230 4142 είς
2255 4079 2417 4151 ἔτερα
2452 4079 2551 4151 τὴν
2596 4079 2933 4150 προφητείαν
2994 4078 3203 4143 λαϐεῖν,
3260 4076 3395 4147 μηδὲ
3442 4076 3730 4137 παντελῶς

2150 4170 2381 4235 ἐκείνοις
2433 4171 2833 4242 ἁρμόττουσαν.
2893 4169 2955 4224 Ei
2996 4171 3055 4224 δέ
3104 4186 3189 4233 τις
3228 4167 3477 4242 ἀκριϐῶς
3540 4168 3730 4239 μαθεῖν

2148 4261 2357 4327 ἐθέλει,
2410 4262 2763 4333 ἐρευνησάτω
2808 4262 2906 4332 τὴν
2957 4260 3301 4332 προφητείαν
3327 4300 3343 4324 ,
3399 4260 3497 4314 καὶ
3537 4260 3730 4329 ὄψεται

2150 4352 2323 4423 αὐτῆς
2348 4351 2415 4407 τά
2443 4353 2671 4409 πλεῖστα
2703 4353 2968 4425 μηδαμῶς
3001 4354 3113 4415 τοῖς
3138 4351 3333 4414 τύποις
3360 4351 3729 4422 ἁρμόττοντα·

2151 4443 2286 4498 ἀλλὰ
2322 4444 2450 4515 περὶ
2480 4445 2580 4516 μὲν
2628 4444 2834 4499 τούτων
2868 4438 2970 4517 ᾖιθ
3021 4443 3271 4514 βούλεταί
3319 4460 3404 4507 τις
3452 4443 3731 4512 κρινέτω·

2152 4534 2263 4604 ἐγὼ
2290 4536 2345 4590 δὲ
2377 4538 2503 4600 τοὺς
2548 4537 2977 4607 ἐντυγχάνοντας
3008 4534 3312 4606 παρακαλῶ
3331 4574 3346 4595 .
3402 4535 3503 4604 τὴν
3530 4537 3600 4587 ἐκ
3628 4533 3733 4585 τῶν

2152 4627 2585 4696 ἡρμηνευμὲνων
2603 4626 2875 4696 ὠφέλειαν
2899 4626 3170 4690 συλλέξαι,
3199 4626 3293 4678 καὶ
3323 4625 3433 4677 ὑπὸ
3452 4624 3557 4693 τῆς
3584 4624 3735 4683 θείας

477 4720 710 4775 quarum
744 4704 1011 4761 Dominus
1051 4704 1212 4762 Jesus
1239 4706 1493 4764 Christus
1537 4715 1618 4764 est
1670 4708 1911 4777 largitor,
1963 4711 2037 4763 cui

2157 4719 2555 4790 βοηθουμένους
2601 4719 2883 4789 δυνάμεως
2926 4718 3019 4773 τὸν
3066 4716 3266 4788 δρόμον
3316 4715 3541 4770 τελέσαι
3567 4754 3587 4778 ,
3644 4717 3737 4767 καὶ

477 4792 737 4849 convenit
800 4796 978 4850 omnis
1055 4797 1227 4867 gloria
1308 4798 1363 4854 in
1427 4798 1621 4856 smcula
1703 4798 2047 4853 saeculorum.

478 4882 674 4938 Amen.

555 5153 584 5198 ι
616 5142 814 5203 lcrem.
850 5163 936 5217 Iv,
965 5151 1018 5208 ’5.
1094 5161 1119 5193 τ
1158 5154 1325 5210 Amos
1358 5171 1452 5211 \‘lll
1478 5197 1492 5222 ,
1530 5156 1611 5210 li.

2153 4811 2264 4864 τῶν
2305 4812 2619 4883 νικηφόρων
2660 4810 3002 4881 ἐπιθυμῆσαι
3039 4810 3345 4879 στεφάνων,
3387 4804 3464 4865 ῶν
3495 4808 3739 4880 χορηγὸς

2153 4901 2183 4953 ὁ
2210 4902 2482 4971 Δεσπότης
2513 4905 2749 4975 Χριστὸς
2768 4943 2783 4968 ,
2817 4897 2862 4971 ᾧ
2891 4904 3096 4973 πρέπει
3145 4902 3271 4969 δόξα
3299 4905 3451 4963 πᾶσα
3491 4904 3576 4967 εἰς
3610 4901 3737 4963 τοὺς

2155 4982 2355 5057 αἰῶνας
2378 4994 2486 5046 τῶν
2516 4996 2745 5049 αἰώνων.
2791 4996 2985 5067 ’Λμήν.

1695 5167 1715 5195 ι
1761 5157 1937 5216 lCor.
1975 5177 2067 5227 lx,
2103 5162 2154 5216 9.
2239 5163 2255 5199 ι
2297 5163 2431 5220 nua.
2469 5166 2548 5221 ιδ.

1771 5311 2004 5366 νΑΒΙιλΕ
2041 5314 2453 5370 LECTIONES.

572 5415 617 5451 ⁸⁷
633 5417 749 5488 λέγ.
786 5418 825 5476 C
851 5418 1024 5474 καλεῖ.
1121 5422 1165 5453 ⁸⁸
1191 5421 1289 5478 ὡσ.
1324 5422 1382 5474 ελ
1430 5424 1473 5477 Α
1505 5426 1581 5488 εἰς
1616 5425 1944 5492 συντέλειαν,
1972 5427 2126 5497 juxta
2161 5444 2270 5485 rec.
2305 5429 2428 5486 lect.
2520 5432 2563 5465 ‘9
2598 5432 2709 5487 καί.
2746 5431 2871 5489 Des.
2909 5432 2964 5488 in
2999 5434 3068 5491 A-
3171 5435 3218 5469 ⁸⁸
3337 5430 3377 5486 C
3404 5449 3474 5489 ιι.
