3956 6202
354 391 478 454 1841

1539 401 1615 463 IN
1655 402 2051 463 ΒΟΡΙῘΟΝΙίΕ
2081 403 2237 464 CAP.
2282 402 2306 460 ῐ

3454 402 3589 468 1842

417 508 481 574 ξ’.
516 530 532 560 ι
561 510 885 565 Εύλαόεῖσθε
904 513 1012 566 ἀπὸ
1034 514 1321 585 προσώπου
1349 516 1553 586 Κυρίου
1575 515 1666 569 τοῦ
1685 516 1819 568 Θεοῦ
1843 516 1908 577 ⁸³,

2086 512 2251 570 Vnus.
2295 517 2343 568 7.
2383 532 2398 563 ι
2434 513 2643 567 Timete
2669 529 2695 566 a
2724 512 2859 569 facie
2904 513 3117 569 Domini
3148 512 3265 580 Dei,
3294 514 3420 585 quia
3463 531 3588 586 pro-

347 600 481 653 διότι
509 601 677 669 ἐγγὺς
703 604 736 672 ἡ
774 602 955 674 ήμέρα
1001 605 1096 657 τοῦ
1137 605 1360 676 Κυρίου,
1395 607 1476 659 ὅτι
1510 596 1769 676 ἡτοίμασε
1805 608 1914 660 Κύ-

352 711 466 764 ριος
501 694 600 764 τήν
629 695 819 748 θυσίαν
852 696 1038 759 αὐτοῦ,
1066 697 1258 768 ήγίασε
1288 700 1412 762 τοὺς
1437 700 1665 769 κλητοὺς
1692 700 1909 754 αὑτοῦ.»

351 784 577 847 Θυσίας
599 784 642 817 ⁸⁵
691 785 949 850 πολλάκις
996 789 1023 841 ό
1072 790 1405 858 προφητικὸς
1442 789 1595 842 καλεῖ
1622 791 1778 858 λόγος
1825 792 1918 845 καὶ

348 874 446 943 τὴν
472 876 578 951 τῶν
601 877 936 947 παρανόμων
960 876 1175 950 σφαγήν
1195 896 1209 911 ·
1245 882 1340 933 καὶ
1372 880 1529 934 τοῦτο
1556 882 1670 935 ἐστι
1697 883 1796 952 μὲν
1825 884 1919 936 καὶ

348 968 480 1037 παρ’
510 967 691 1031 ἄλλοις
721 973 1025 1041 προφήταις
1060 973 1239 1042 εὑρεῖν
1259 1011 1275 1035 ,
1307 974 1422 1026 ἐστι
1457 973 1513 1026 δὲ
1549 975 1642 1027 καὶ
1672 977 1822 1046 παρά
1842 975 1919 1046 τῷ

349 1056 622 1130 θεσπεσίῳ
663 1060 940 1131 Ἰεζεκιήλ.
977 1063 1253 1132 κλητοὺς
1284 1064 1338 1118 δὲ
1373 1065 1630 1136 ὀνομάζει
1672 1069 1794 1131 τοὺς
1832 1085 1921 1121 ποι

351 1148 573 1218 λεμίους
594 1166 607 1180 ⁶
657 1151 718 1205 τὺ
744 1152 800 1205 δὲ
825 1153 1081 1223 ἡγίασεν
1110 1157 1230 1209 ἀντὶ
1275 1156 1393 1219 τοῦ,
1435 1157 1719 1228 ἀφώρισε,
1749 1161 1919 1213 τέθει-

351 1256 477 1293 κεν·
541 1241 715 1305 οὕτως
749 1245 841 1297 καὶ
895 1246 981 1298 διὰ
1022 1246 1241 1300 Ἡσαΐου
1270 1248 1434 1318 φησίν
1460 1264 1473 1277 ·
1515 1268 1532 1299 ι
1569 1250 1919 1320 Ἡγιασμένοι

350 1333 480 1393 εἰσὶ,
515 1336 606 1385 καὶ
649 1333 758 1401 ἐγὼ
796 1335 913 1403 ἄγω
960 1337 1193 1400 αὐτούς’
1237 1358 1255 1390 ι
1296 1340 1417 1393 ἀντὶ
1476 1340 1605 1406 τοῦ,
1641 1342 1721 1405 εἰς
1764 1344 1923 1396 τοῦτο

352 1424 749 1494 ἀυωρισμένοι.
801 1426 1019 1499 Ἐπειδὴ
1059 1429 1165 1500 γὰρ
1195 1431 1290 1482 καὶ
1330 1429 1390 1482 τὸ
1424 1430 1592 1495 ὅντως
1639 1432 1793 1500 ἆγιον
1820 1434 1923 1501 ἀφ-

352 1511 602 1583 ώρισται,
646 1515 737 1567 καὶ
765 1515 872 1567 τῶν
900 1515 1141 1587 βεϐήλων
1171 1517 1500 1588 κεχώρισται
1520 1536 1534 1551 ’
1567 1523 1661 1573 καὶ
1696 1523 1820 1584 τοὺς
1844 1526 1922 1587 είς

353 1604 624 1672 τιμωρίαν
653 1605 1087 1676 ἀφωρισμένους,
1118 1608 1193 1671 ὡς
1221 1610 1313 1661 ὑπ’
1342 1609 1507 1662 αὑτοῦ
1536 1611 1631 1663 τοῦ
1660 1611 1794 1664 Θεοῦ
1817 1612 1924 1666 τῶν

360 1690 498 1742 ὅλων
530 1694 967 1763 ἀφωρισμένως,
1011 1696 1375 1766 ήγιασμένους
1421 1699 1594 1752 καλεῖ.
1622 1699 1777 1753 Οὕτω
1831 1702 1924 1754 καλ⁵

358 1779 454 1850 τὴν
497 1780 686 1834 θυσίαν
745 1786 1196 1854 καταχρηστικῶς
1252 1787 1553 1857 ὠνόμασεν.
1612 1791 1768 1845 Οὕτω
1832 1795 1925 1847 καὶ

2023 607 2261 674 pinqttns
2289 616 2374 662 est
2401 607 2519 660 dies
2546 605 2759 659 Domini
2792 608 2953 674 :quia
2983 607 3305 676 prmpat'avit
3331 606 3588 661 Dominus

2023 696 2300 749 victimam
2346 711 2524 757 suam,
2568 697 2932 751 sanctiﬁcavit
2985 705 3208 752 vocatos
3265 712 3416 752 suos.
3444 717 3463 751 ι
3504 698 3590 750 l'i-

2023 788 2211 840 ctimas
2244 802 2425 841 sermo
2462 789 2810 858 propheticus
2855 804 2999 859 stupe
3044 789 3208 843 etiam
3269 796 3426 843 vocat
3478 789 3588 842 iui-

2024 891 2254 944 quortttn
2312 876 2514 930 caedem
2553 892 2565 927 :
2611 876 2778 945 idque
2829 893 2953 932 cum
3011 877 3066 931 in
3118 878 3245 933 aliis
3312 878 3587 947 prophetis

2025 967 2276 1021 invenire
2302 967 2450 1028 licet,
2484 975 2598 1019 tum
2632 969 2795 1021 etiam
2829 968 2881 1021 in
2907 967 3095 1021 divino
3133 967 3437 1022 Ezechiele.
3489 967 3588 1019 Ρο-

2026 1066 2174 1111 catos
2234 1072 2364 1110 vero
2424 1058 2657 1125 appellat
2714 1058 2924 1111 hostes.
2989 1056 3356 1127 Sanctiﬁcavit
3409 1068 3588 1112 autem

2028 1149 2209 1218 posuit
2240 1163 2337 1217 pro
2362 1148 2642 1213 separavit.
2680 1149 2770 1201 Sic
2805 1150 2971 1202 etiam
3007 1164 3100 1218 per
3125 1148 3317 1204 Isaiam
3353 1167 3364 1202 :
3408 1167 3425 1199 ι
3454 1148 3593 1213 Sau-

2025 1239 2252 1294 ctiﬁcati
2289 1249 2439 1304 sunl,
2472 1239 2670 1306 inquit,
2703 1247 2755 1294 et
2785 1254 2886 1309 ego
2919 1239 3060 1294 duco
3096 1252 3272 1304 eosx;
3306 1258 3323 1291 ι
3359 1241 3461 1294 hoc
3488 1244 3592 1301 est,

2028 1330 2094 1383 ad
2125 1330 2228 1386 hoc
2250 1332 2508 1400 separati.
2538 1329 2807 1396 Quoniam
2831 1329 2976 1385 enim
3010 1329 3155 1398 quod
3182 1345 3309 1384 vene
3340 1339 3592 1385 sanrtum

2027 1432 2135 1485 est,
2167 1438 2196 1476 a
2230 1424 2476 1493 profanis
2508 1430 2821 1492 separatum
2857 1429 2942 1478 est
2974 1429 3028 1475 et
3061 1419 3398 1490 seiunctum,
3430 1422 3593 1475 etiam

2030 1517 2097 1570 ad
2127 1516 2464 1587 punitionem
2524 1523 2827 1585 separatos,
2883 1524 2940 1568 ut
2988 1512 3159 1568 abeo
3208 1514 3592 1579 universorum

2031 1610 2364 1676 scparatos.‘
2394 1605 2773 1661 sanetilieatos
2802 1613 2979 1659 vocat.
3006 1602 3098 1659 Sic
3124 1604 3289 1659 etiam
3316 1605 3592 1660 victimam

2034 1714 2128 1768 per
2157 1700 2391 1754 abusum
2438 1699 2762 1753 nominavit.
2803 1697 2896 1752 Sic
2932 1712 3155 1767 quoque
3186 1696 3469 1753 anathema
3494 1697 3595 1751 du-

2034 1790 2225 1858 plicem
2259 1806 2480 1844 sensum
2504 1789 2663 1843 habet
2692 1808 2706 1845 :
2731 1804 2853 1843 nam
2884 1804 2992 1842 non
3019 1789 3202 1842 solum
3234 1788 3286 1842 id
3320 1789 3464 1859 quod
3489 1787 3595 1841 Deo

358 1871 419 1923 τὸ
453 1872 727 1941 ἀνάθημα
747 1874 999 1946 διπλῆξνῙ
1025 1875 1134 1946 ἔχει
1171 1878 1266 1946 τὴν
1290 1854 1528 1933 ἔννοιαν·
1559 1883 1620 1934 ού
1641 1882 1747 1954 γὰρ
1767 1885 1925 1953 μόνον

2042 1854 2338 1933 dedicatum
2365 1887 2469 1946 est,
2517 1879 2615 1934 sed
2644 1882 2810 1935 etiam
2842 1878 2987 1950 quod
3020 1854 3428 1946 alialicnattiin,.
3456 1892 3593 1947 ana-

359 1962 419 2014 τὸ
451 1962 809 2033 ἀνακείμενον
833 1965 908 2036 τῷ
935 1966 1079 2037 Θεῷ,
1104 1967 1247 2021 ἀλλά¹
1268 1970 1361 2022 καὶ
1390 1969 1448 2023 τὸ
1479 1970 1926 2044 ἀλλοτριούμενον

2042 1972 2206 2027 .ltema
2249 1973 2486 2027 vocavit.

360 2052 619 2118 ἀνάθημα
645 2053 902 2121 κέκληκε.

434 2141 503 2212 η’,
525 2144 588 2198 θ’.
622 2146 730 2198 Καὶ
763 2147 912 2201 ἔσται
945 2149 1001 2201 ἐν
1030 2153 1095 2222 τῇ
1118 2144 1361 2223 ⁶³ήμέρᾲ
1376 2152 1563 2219 θυσίας
1578 2157 1803 2227 Κυρίου,
1836 2160 1930 2212 καὶ

366 2234 637 2303 ἐκδικήσω
664 2236 757 2288 ἐπὶ
788 2239 913 2301 τοὺς
946 2238 1234 2310 ἄρχοντας,
1281 2245 1373 2296 καὶ
1406 2244 1498 2296 ἐπὶ
1529 2245 1616 2299 τὸν
1660 2241 1809 2302 οἶκον
1836 2248 1928 2302 τοῦ

366 2325 649 2394 βασιλέως,
695 2329 785 2380 καὶ
830 2331 921 2382 ἐπὶ
961 2331 1169 2396 πάντας
1209 2335 1335 2398 τοὺς
1368 2336 1748 2407 ἐνδεδυμένους
1780 2342 1931 2395 ἐνδύ-

369 2434 515 2486 ματα
544 2417 818 2489 ἀλλότρια.
852 2423 959 2474 Καὶ
990 2422 1258 2493 ἐκδικήσω
1289 2426 1380 2477 ἐπὶ
1417 2428 1620 2491 πάντας
1649 2430 1930 2500 ἐμφανῶς,

366 2511 459 2562 ἐπὶ
486 2509 551 2562 τὰ
579 2511 829 2580 πρόπυλα
854 2514 911 2563 ἐν
943 2513 1125 2584 ἐκείνῃ
1159 2516 1223 2584 τῇ
1263 2516 1465 2588 ἡμέρᾳ,
1502 2521 1627 2583 τοὺς
1667 2521 1934 2591 πληροῦν-

364 2617 465 2662 τας
489 2600 582 2653 τδν
608 2596 754 2655 οἶκον
771 2601 866 2655 τοῦ
892 2601 1027 2655 Θεοῦ
1050 2605 1229 2658 αὐτῶν
1253 2608 1297 2639 ⁸⁵
1327 2608 1580 2673 ἀσεϐείας
1600 2616 1692 2664 καὶ
1720 2613 1892 2668 δόλου.
1911 2635 1928 2668 i

381 2692 605 2764 Ἐπειδὴ
642 2696 699 2746 ἐν
726 2698 844 2758 ταῖς
880 2696 1115 2767 ἡμέραις
1156 2698 1360 2751 Ἰωσίου
1393 2701 1485 2753 τοῦ
1517 2702 1802 2768 θεοσεϐοῦς
1833 2706 1932 2775 βα-

370 2782 561 2848 σιλέως
591 2786 623 2855 ἠ
655 2786 753 2856 τῆς
781 2787 1052 2858 τιμωρίας
1091 2788 1377 2858 ἐξεφέρετο
1415 2793 1612 2862 ψῆφος,
1646 2795 1743 2847 οὐκ
1773 2791 1841 2866 ἦν
1877 2797 1937 2851 δὲ

366 2874 579 2938 τούτοις
609 2877 637 2927 ό
681 2874 1268 2945 βασιλεὺςύπεύθυνος
1287 2896 1301 2911 ·
1335 2883 1387 2934 oi.
1416 2881 1471 2934 δὲ
1502 2884 1713 2938 ἐκείνου
1748 2888 1936 2951 παῖδες

369 2967 479 3017 καὶ
495 2965 706 3032 ἔκγονοι
746 2969 1063 3040 παρανομίᾳ
1085 2972 1413 3040 συζήσαντες
1439 2974 1621 3028 ἔτισαν
1650 2978 1840 3049 ποινὴν
1864 2973 1937 3033 ὧν

369 3054 693 3125 ἐτόλμησαν,
731 3058 966 3122 εἰκότως-
986 3060 1103 3112 οὐκ.
1129 3055 1308 3112 εἶπενο
1360 3062 1662 3136 Ἐκδικήσω
1714 3070 1819 3122 ἐπὶθ
1848 3071 1937 3123 τὸν

3322 2028 3397 2049 Μ

2101 2153 2264 2208 Vsus.
2290 2153 2342 2216 8,
2378 2152 2430 2223 9.
2471 2171 2488 2202 ι
2540 2152 2606 2207 Et
2667 2152 2771 2207 erit
2823 2151 2911 2207 die
2958 2150 3193 2206 victimae
3246 2148 3494 2212 Domini,
3541 2153 3595 2201 ct

2029 2246 2267 2301 ulciscar
2299 2244 2796 2312 super-principes,
2831 2250 2885 2296 et
2908 2256 3071 2311 super
3090 2240 3314 2294 domum
3346 2238 3511 2309 regis,
3543 2249 3598 2292 ct

2031 2350 2199 2405 super
2227 2350 2419 2389 omnes
2474 2334 2571 2403 qui
2614 2333 2788 2387 induti
2819 2340 2948 2387 sunt
2993 2329 3346 2386 vestimentis
3382 2329 3597 2397 alienis,

2033 2425 2098 2478 Et
2161 2424 2405 2480 ulciscar
2466 2438 2632 2492 super
2711 2436 2904 2477 omnes
2974 2418 3284 2483 manifeste,
3319 2419 3415 2488 qui
3471 2422 3601 2471 sunt

2037 2514 2249 2587 1564
2287 2515 2341 2568 in
2366 2512 2657 2568 vestibulis
2686 2512 2773 2565 die
2806 2511 2921 2574 illo,
2953 2509 3047 2578 qui
3075 2507 3349 2575 complent
3377 2505 3597 2558 domum

2035 2604 2247 2657 Domini
2290 2602 2381 2658 Dei
2410 2602 2494 2657 sui
2546 2599 2824 2667 impietate
2878 2607 2931 2651 et
2988 2597 3135 2653 dolo.
3169 2614 3187 2645 ι
3223 2593 3359 2659 Quia
3403 2591 3597 2647 diebus

2032 2694 2193 2749 Josia:
2221 2693 2295 2762 pii
2320 2691 2466 2759 regis
2514 2687 2818 2761 punitionis
2875 2684 3262 2755 proferebatur
3307 2683 3597 2742 sententia,

2034 2796 2087 2842 et
2117 2802 2208 2840 rex
2249 2782 2644 2839 illSObnOXilLS
2672 2795 2781 2835 non
2813 2786 2951 2843 erat,
2996 2775 3117 2845 ejus
3167 2782 3345 2828 autem
3386 2774 3481 2826 lilii
3549 2782 3602 2826 ct

2036 2877 2268 2949 posteri,
2302 2876 2397 2946 qui
2430 2875 2672 2944 iniquam
2725 2871 2892 2924 vitam
2925 2875 3175 2939 egerunt.
3214 2880 3403 2935 pirnas
3436 2863 3600 2933 dede-

2040 2977 2165 3024 runt
2201 2982 2391 3022 eorum
2426 2979 2551 3035 quae
2588 2962 2946 3024 admiserant,
3003 2959 3198 3012 merito
3246 2970 3354 3009 non
3405 2954 3542 3009 dixit
3580 2968 3595 3004 :

2044 3058 2354 3115 c..Ulciscar
2408 3071 2572 3125 super
2638 3068 2845 3123 regem,
2888 3071 2905 3103 ι
2947 3050 3042 3106 sed
3081 3069 3099 3101 ‹
3153 3062 3319 3118 super
3378 3047 3598 3100 domum

374 3142 620 3212 βασιλέα,
668 3145 782 3197 ἀλλ’
833 3165 851 3193 ι
903 3148 995 3201 ἐπὶ
1052 3149 1141 3202 τὸν
1184 3145 1330 3204 οἶκον
1376 3153 1471 3206 τοῦ
1519 3156 1801 3225 βασιλέως,
1846 3163 1934 3215 καὶ

2043 3152 2206 3221 regis,
2250 3158 2305 3205 et
2350 3163 2512 3217 super
2578 3144 2877 3218 principes.
2948 3161 2966 3191 ι
3037 3140 3355 3194 Vestimenta
3422 3147 3601 3191 autem

370 3235 499 3297 τοὺς
544 3235 828 3305 ἄρχοντας.
879 3257 897 3289 ι
950 3239 1273 3309 Ἐνδύματα
1326 3243 1382 3296 δὲ
1428 3246 1745 3314 ἀλλότρια,
1799 3252 1935 3314 τινὲς

377 3325 475 3393 μὲν
500 3325 569 3378 τὰ
591 3326 651 3390 ἐξ
681 3329 934 3398 ἁρπαγῆς
966 3331 1062 3383 καὶ
1096 3331 1405 3397 πλεονεξίας
1437 3334 1645 3404 ἔφασαν
1666 3355 1679 3368 ·
1711 3341 1855 3404 τινὲς
1882 3342 1938 3395 δέ

374 3417 443 3470 τά
472 3417 540 3470 δι’
569 3419 744 3489 ἄκραν
789 3420 1086 3475 ἀκολασίαν
1126 3424 1421 3492 γενόμεναι
1470 3428 1563 3481 καὶ
1600 3429 1791 3500 ἄνδρες
1832 3433 1938 3503 γὰρ

376 3513 689 3582 παρανομίᾳ
724 3511 991 3577 συζῶντες
1035 3515 1308 3583 γυναικῶν
1348 3517 1629 3589 ἐσθήματα
1678 3525 1939 3594 περιϐάλ-

375 3602 575 3667 λονται,
599 3605 689 3654 καὶ
716 3605 972 3672 γυναῖκες
995 3605 1260 3669 ὡσαύτως
1285 3608 1509 3680 λαγνείᾳ
1531 3614 1941 3685 συντεθραμμέ-

380 3709 488 3753 ναι,
542 3694 610 3745 τὰ
656 3693 865 3764 ἀνδρῶν
914 3695 1324 3765 ἀμφιέννυνται.
1363 3699 1517 3767 Ἐμοὶ
1560 3700 1616 3752 δὲ
1661 3702 1806 3756 δοκεῖ
1848 3708 1940 3758 καὶ

377 3780 563 3847 ἕτερον
587 3784 613 3834 ό
645 3781 801 3847 λόγος
831 3782 1162 3835 αἰνίττεσθαι
1181 3802 1193 3813 ·
1226 3785 1560 3855 ἀπαγορεύει
1588 3788 1696 3859 γὰρ
1717 3793 1744 3844 ό
1779 3792 1941 3862 νόμος

377 3869 447 3922 τὰ
470 3872 531 3923 ἐκ
564 3870 710 3923 λίνου
739 3873 833 3924 καὶ
859 3870 1006 3941 ἐρίου
1040 3873 1424 3943 συνυφασμὲνα
1450 3875 1734 3949 ἐσθήματα
1754 3895 1768 3910 ο
1799 3882 1943 3944 εἰκὸς

383 3949 438 4004 δὲ
464 3955 551 4030 ἦν,
596 3961 722 4021 τοὺς
770 3961 864 4012 ἐπὶ
918 3960 1132 4032 πλούτῳ
1166 3963 1610 4034 βρενθυομενους,
1658 3970 1753 4022 καὶ
1794 3971 1941 4041 χλιδῇ

381 4051 841 4119 προστετηκότας,
871 4050 981 4104 τῶν
1006 4053 1417 4119 γειτνιαζόντων
1442 4056 1608 4111 ἐθνῶν
1628 4058 1725 4129 τὴν
1743 4061 1944 4130 ἐσθῆτα

384 4139 743 4210 μιμήσασθαι,
771 4143 864 4194 καὶ
898 4141 962 4193 ἐκ
996 4141 1102 4193 τῶν
1136 4143 1419 4213 ἁλουργῶν
1451 4146 1611 4216 ἐρίων
1639 4152 1749 4211 τοῖς
1782 4150 1946 4214 λινοῖς

380 4229 723 4298 χιτωνίσκοις
753 4228 919 4281 πολύν
952 4247 1073 4282 τινα
1100 4230 1198 4283 καὶ
1225 4234 1516 4301 περίεργον
1545 4235 1749 4304 κόσμον
1772 4240 1944 4310 ἐπεμ-

382 4318 592 4370 ϐαλεῖν·
630 4319 869 4371 ἐναντίον
894 4319 948 4371 δὲ
977 4315 1044 4388 ἦν
1073 4318 1232 4371 τοῦτο
1261 4320 1517 4391 ἀντικρὺς
1537 4326 1601 4393 τῇ
1631 4325 1752 4396 θείᾳ
1784 4346 1947 4398 νομο-

383 4408 557 4480 θεσίςι.
592 4409 833 4462 Ἀπειλεί
877 4409 1055 4462 τοίνυν
1105 4411 1199 4462 καὶ
1250 4411 1493 4477 τούτοις,
1547 4415 1641 4467 καὶ
1684 4418 1795 4479 τοῖς
1850 4420 1945 4470 σὺν

2044 3244 2218 3297 aliena
2263 3241 2483 3311 quidam
2512 3254 2578 3293 ex
2606 3235 2897 3295 latrocinio
2955 3243 3009 3288 et
3039 3231 3246 3303 rapinis
3295 3238 3448 3299 parta
3485 3244 3604 3282 esse

2045 3335 2305 3389 dixerunt
2340 3348 2354 3385 :
2387 3328 2610 3400 quidam
2664 3326 2735 3380 ad
2776 3337 3048 3380 summam
3104 3321 3385 3376 libidinem
3442 3319 3602 3371 facta.

2045 3424 2258 3478 Etenim
2282 3428 2341 3475 et
2390 3419 2492 3474 viri
2538 3417 2806 3486 ﬂagitiose
2844 3414 3087 3469 viventes
3118 3411 3409 3465 mulierum
3443 3405 3607 3462 vesti-

2047 3522 2228 3570 menta
2254 3511 2510 3574 induunt,
2539 3517 2592 3564 et
2617 3506 2873 3561 mulieres
2905 3505 3113 3574 pariter
3143 3501 3359 3555 libidini
3381 3495 3602 3551 addit-Le

2046 3609 2287 3660 virorum
2321 3611 2519 3658 vestes.
2569 3599 2696 3652 Mihi
2733 3613 2863 3651 vero
2917 3594 3062 3647 aliud
3122 3593 3212 3647 hic
3254 3606 3432 3645 sermo
3464 3586 3607 3638 ilosi—

2047 3712 2215 3769 gnare
2242 3695 2479 3749 videtur.
2519 3690 2654 3743 Nam
2683 3688 2766 3743 lex
2799 3696 2941 3740 vetat
2964 3694 3017 3723 ν·
3047 3684 3375 3737 vestimenta
3409 3696 3471 3733 ex
3498 3679 3609 3732 lino

2047 3797 2101 3844 et
2139 3790 2259 3841 lana
2313 3790 2606 3846 contexta;
2645 3778 2938 3834 verisimile
2990 3786 3171 3829 autem
3224 3780 3306 3827 est
3362 3786 3460 3826 eos
3515 3770 3608 3839 qui

2049 3877 2254 3933 divitiis
2298 3888 2420 3929 sese
2445 3871 2702 3928 efferrent
2737 3877 2790 3924 et
2823 3867 3035 3923 deliciis
3073 3864 3411 3927 dillluercnt,
3447 3862 3610 3915 liniti-

2051 3982 2261 4022 marum
2293 3963 2536 4034 gentium
2569 3958 3023 4016 vestesiuiitatos
3080 3954 3272 4017 fuisse,
3309 3963 3361 4006 et
3411 3950 3613 4004 tunicis

2049 4076 2115 4115 ex
2141 4059 2253 4114 lino
2290 4055 2564 4112 confectis
2611 4057 2868 4105 ornatum
2901 4064 2969 4102 ex
3002 4048 3124 4101 lana
3180 4058 3451 4114 purpurea
3506 4044 3615 4095 ela—

2054 4151 2303 4205 boratum
2361 4153 2415 4199 et
2454 4140 2790 4211 superﬂuum
2843 4137 3169 4196 iutcxuisse,
3219 4134 3364 4201 quod
3423 4140 3611 4184 contra

2053 4242 2406 4295 traditionem
2474 4235 2607 4301 legis
2653 4231 2851 4284 divinae
2913 4227 3033 4279 fuit.
3088 4224 3326 4276 Minatur
3361 4235 3491 4288 ergo
3528 4219 3613 4271 his

2052 4334 2239 4391 etiam,
2265 4336 2320 4381 et
2343 4326 2412 4380 iis
2445 4325 2687 4391 quicum
2722 4317 3002 4386 impietate
3040 4321 3092 4367 ct
3130 4311 3329 4365 doloin
3355 4310 3612 4377 templum

2056 4422 2149 4476 Dei
2170 4417 2571 4489 ingrediuntur.
2594 4411 2694 4464 Per
2719 4408 2897 4461 dolum
2923 4420 3054 4459 vero
3083 4402 3265 4455 innuit
3320 4415 3414 4455 eos
3436 4401 3611 4451 [ictam

386 4500 610 4571 ἀσεϐείᾳ
650 4502 745 4554 καὶ
776 4500 911 4570 δόλῳ
960 4503 1039 4563 εἰς
1064 4501 1154 4553 τὸν
1201 4501 1344 4555 θεῖον
1381 4503 1641 4558 είσιοῦσιν
1678 4509 1823 4562 ναόν.
1856 4510 1934 4562 Al-

2056 4511 2295 4584 speciein
2345 4505 2606 4561 habuisse
2661 4497 2900 4571 pietatis,
2959 4494 3101 4549 clam
3159 4507 3293 4547 vero.
3344 4489 3611 4545 idolorum

383 4590 620 4644 νίττεται
645 4591 702 4642 δὲ
727 4590 814 4643 διὰ
848 4591 940 4643 τοῦ
975 4592 1189 4658 δόλου,
1227 4592 1301 4656 ὡς
1342 4593 1638 4665 πρόσχημα
1682 4598 1780 4667 μὲν
1805 4598 1948 4671 εἶχον

384 4681 482 4750 τὴν
511 4678 813 4739 εὐσέϐειαν,
841 4678 1015 4748 λάθρα
1043 4679 1099 4730 δὲ
1129 4679 1226 4749 τὴν
1253 4679 1360 4731 τῶν
1382 4680 1614 4733 εἰδώλων
1644 4683 1951 4750 ἠσπάζοντο

385 4770 701 4841 θεραπείαν.
720 4771 818 4824 Διά
836 4771 1056 4831 ταύτας,
1079 4774 1265 4842 φησὶν,
1291 4774 1444 4841 ὑμῶν
1460 4775 1558 4836 τὰς
1584 4780 1945 4847 παρανομίας,

462 4868 512 4914 ι’.
557 4879 573 4911 ι
613 4862 805 4915 Ἔσται
849 4864 906 4913 ἐν
950 4864 1131 4932 ἐκείνῃ
1154 4863 1197 4894 ³⁷
1232 4866 1296 4931 τῇ
1327 4864 1529 4934 ἡμέρα,
1556 4865 1702 4933 λέγει
1728 4869 1947 4938 Κύριος,

387 4954 539 5024 φωνὴ
580 4957 823 5025 κραυγῆς
866 4955 1307 5008 ἁποκεντούντων
1345 4957 1388 4987 ⁵⁸
1445 4957 1552 5008 ἀπὸ
1601 4958 1792 5027 πύλης,
1856 4962 1951 5013 καὶ

386 5045 686 5114 ὀλολυγμὸς
713 5046 821 5099 ἀπὸ
846 5045 944 5114 τῆς
974 5044 1252 5115 δευτέρας,
1293 5046 1386 5097 καὶ
1416 5048 1750 5116 συντριμμὸς
1781 5049 1951 5118 μέγας

389 5134 497 5188 ἀπὸ
527 5134 635 5189 τῶν
667 5135 888 5206 βου-θῶν.
931 5153 949 5185 ι
984 5134 1106 5187 Τῶν
1133 5135 1240 5204 γὰρ
1269 5135 1542 5206 πολεμίων
1571 5138 1635 5189 τὸ
1654 5142 1829 5207 τεῖχος
1860 5143 1953 5208 ρη-

395 5226 617 5290 gmw,
646 5228 737 5280 καὶ
774 5227 868 5289 τὰς
909 5226 1081 5288 πύλας
1109 5227 1508 5292 διανοιξάντων,
1548 5230 1684 5299 μετὰ
1709 5231 1833 5301 βοῆς
1864 5234 1956 5285 καὶ

466 5417 490 5444 ι
524 5403 628 5458 lsa.
665 5421 756 5458 xm
783 5444 796 5468 ,
833 5408 886 5460 3.
962 5416 990 5455 γ
1031 5405 1184 5459 Deut.
1224 5418 1369 5466 χχιι,
1409 5404 1490 5454 ll.

2053 4579 2334 4672 amplexos
2376 4596 2548 4651 fuisse
2582 4593 2815 4647 cultum.
2854 4586 3081 4655 Propter
3130 4582 3251 4645 has,
3294 4579 3496 4649 inquit,
3526 4595 3616 4632 ve-

2056 4703 2202 4748 stras
2238 4689 2554 4758 iniquitates
2584 4703 2595 4737 :

2125 4867 2290 4919 Vsus.
2329 4863 2413 4916 10.
2452 4879 2470 4910 ι
2512 4858 2623 4911 Erit
2665 4855 2752 4909 die
2805 4852 2918 4916 illo,
2983 4847 3121 4902 dicit“
3173 4845 3457 4905 Dominus,
3514 4855 3617 4894 vox

2059 4956 2320 5013 clamoris
2360 4953 2426 5006 de
2484 4958 2634 5019 porta
2694 4939 3206 5011 compungentium,
3235 4945 3288 4989 et
3325 4934 3563 4987 ululatus
3590 4947 3620 4983 a

2061 5046 2324 5104 secunda.
2389 5054 2443 5095 et
2505 5036 2767 5092 contritio
2822 5043 3014 5100 magna
3050 5043 3081 5081 τι
3124 5027 3380 5081 collibus.
3429 5044 3446 5075 ι
3484 5023 3619 5074 Nam

2064 5155 2188 5194 cum
2220 5138 2404 5190 lieslcs
2438 5128 2646 5200 1565
2682 5139 2897 5179 murum
2941 5119 3308 5191 pcrrupcrint,
3346 5126 3401 5171 et
3437 5120 3619 5183 portas

2064 5228 2400 5300 aperuerint,
2435 5238 2561 5277 cum
2596 5220 2831 5273 clamore
2870 5222 2925 5268 ct
2960 5210 3349 5266 vociferatione
3380 5205 3445 5260 ad
3477 5213 3488 5247 ι

1698 5557 1926 5611 VARle
1957 5555 2358 5613 LECTlONES.

1312 5709 1352 5737 ⁸⁵
1389 5710 1425 5757 (ἶ
1468 5713 1681 5764 Θυσίαν,

862 5782 906 5809 ’νδ
940 5782 1100 5832 ἁποκ.
1147 5782 1200 5831 lu
1238 5783 1270 5829 .\
1304 5794 1417 5844 [nisi
1449 5782 1617 5849 πύλης
1649 5784 1881 5851 ponitur.

472 5711 515 5740 "3
550 5710 642 5762 τοῦ
681 5710 832 5762 (θεοῦ.
868 5709 939 5761 liv
985 5711 1022 5762 Λ
1058 5710 1232 5777 suppl.

408 5781 501 5848 ἡξι.
549 5784 783 5848 ponitur.

1760 5713 1802 5741 θα
1827 5715 1910 5778 τῇ.
1949 5712 2067 5766 Des.
2105 5711 2156 5761 in
2194 5708 2250 5761 Α.

2355 5707 2398 5738 ⁸⁸
2433 5725 2477 5759 τ.
2509 5707 2569 5757 Θ.
2616 5707 2735 5758 αὐτ.
2773 5706 2807 5755 Λ
2844 5701 3064 5767 Κυρίου.
3165 5692 3205 5722 ⁸⁷
3234 5693 3312 5743 ἐκ.
3350 5687 3404 5740 lu
3429 5687 3467 5740 Α
3503 5689 3618 5755 post
