3956 6202
400 314 532 385 1341

1342 323 1825 386 THEODORETI
1858 323 2195 388 EPISCOPI
2233 327 2597 388 CYRENSIS

3501 324 3635 391 1848

467 433 630 491 Vens.
660 436 712 502 5,
745 434 799 489 6.
845 454 863 488 ι
900 433 992 491 Va:
1018 435 1113 506 qui
1138 434 1458 492 inhabitatis
1493 436 1801 492 funiculum
1845 453 1960 491 ma-

2134 444 2195 499 ε’,
2231 440 2305 504 ς’.
2345 459 2362 490 ι
2403 439 2557 502 Οὐαὶ,
2592 439 2640 490 οἱ
2690 433 3071 499 κατοικοῦντες
3110 435 3172 489 τὸ
3218 435 3510 506 σχοίνισμα
3538 436 3636 506 τῆς

397 528 496 593 ris,
516 527 739 582 advenae
757 526 1107 581 Cretensium
1139 527 1395 581 :verbum
1417 526 1631 582 Domini
1649 545 1815 599 super
1838 545 1956 592 vos,

396 618 683 679 Chanaan,
729 626 871 671 terra
912 617 1323 688 Allophylorum
1363 635 1377 672 :
1411 626 1465 673 et
1501 609 1724 689 perdam
1752 634 1852 674 vos
1893 620 1962 675 de

397 710 756 765 habitatione.
787 708 852 762 Et
885 709 991 763 erit
1024 708 1187 765 Creta
1213 724 1418 778 pascua
1458 726 1707 783 gregum,
1738 719 1792 767 et
1821 712 1963 765 ovile

398 799 690 867 pecudum.
728 818 746 850 ι
784 798 1104 853 Funiculum
1154 803 1319 855 maris
1346 802 1621 872 regionem
1655 813 1815 858 vocat
1852 818 1964 856 mao

396 890 635 942 ritimam
665 906 677 942 :
704 904 829 942 nam
861 888 1045 967 divina
1076 888 1362 961 Scriptura
1399 893 1694 959 funiculum
1727 894 1963 964 appellat

396 988 601 1033 sortem
628 995 691 1033 eo
709 980 857 1050 quod
877 988 1021 1035 terra
1044 981 1288 1037 funiculo
1307 983 1603 1053 descripta,
1630 1000 1728 1039 sua
1759 987 1964 1055 cuique

397 1071 740 1126 tribuebatur
759 1073 957 1139 portio.
978 1071 1250 1138 Quoniam
1274 1074 1440 1145 igitur
1462 1074 1603 1131 Deus
1621 1077 1960 1147 Allophylos,

398 1175 569 1228 genus
603 1160 867 1215 ducentes
897 1177 960 1215 ex
1000 1161 1283 1229 Chanaan,
1321 1166 1375 1219 in
1426 1166 1702 1220 maritima
1739 1168 1964 1236 regione

400 1249 715 1320 reliquerat,
738 1258 791 1305 et
821 1258 1079 1321 tanquam
1115 1261 1317 1309 sortem
1355 1255 1645 1324 quamdam
1684 1257 1794 1312 illis
1825 1259 1964 1312 hanc

400 1346 602 1395 terram
644 1342 1048 1412 assignaverat,
1098 1343 1396 1413 funirulum
1434 1349 1597 1401 maris
1634 1363 1731 1403 eos
1778 1348 1965 1419 appel-

401 1430 549 1485 lavit.
601 1431 844 1485 Advenas
883 1440 1063 1486 autem
1122 1430 1451 1489 Cretensium
1520 1436 1658 1490 dixit
1711 1438 1961 1493 colonos.

402 1521 709 1578 Verisimile
738 1531 822 1579 est
864 1525 1112 1590 enimut,
1148 1527 1202 1583 in
1251 1528 1546 1584 maritimis
1582 1529 1846 1594 urbibus,
1900 1544 1966 1583 eo

399 1616 666 1684 quosdam
716 1632 746 1671 e
779 1616 939 1672 Creta
981 1620 1216 1684 venisse,
1270 1619 1485 1691 1569
1537 1621 1722 1691 ibique
1774 1637 1968 1676 conse~

399 1706 573 1763 disse.
631 1706 816 1777 Itaque
865 1717 920 1764 et
961 1708 1241 1775 Chanaan,
1282 1720 1338 1764 et
1372 1712 1663 1773 funiculum
1691 1713 1879 1774 maris,
1912 1721 1967 1765 ct

2064 528 2374 599 Θαλάσσης,
2438 529 2695 599 πάροικοι
2753 526 3016 598 Κρητῶνί
3078 527 3232 596 λόγος
3290 527 3500 598 Κυρίου
3557 527 3637 593 ἐφ’

2064 620 2230 688 ὑμᾶς,
2263 621 2485 674 Χαναὰν
2505 660 2521 685 ,
2564 619 2635 690 γῆ
2668 618 3035 687 ’Δλλοφύλων,
3069 621 3164 673 καὶ
3192 618 3380 671 ἀπολῶ
3408 618 3554 688 ὑμᾶς
3580 620 3642 672 ἐκ

2064 709 2367 772 κατοικίας.
2414 710 2522 763 Kal.
2563 710 2717 762 ἔσται
2758 710 2952 780 Κρήτη
3001 711 3140 781 νομὴ
3189 709 3492 779 ποιμνίων,
3551 711 3641 763 καὶ

2067 798 2279 869 μάνδρα
2307 798 2612 870 προϐάτων.
2641 819 2658 852 ι
2698 800 3029 869 Σχοίνισμα
3056 789 3168 867 τῆς
3193 798 3521 865 θαλάσσης
3544 805 3641 869 τὴν

2065 888 2337 959 παραλίαν
2378 889 2566 943 καλεῖ·
2601 893 2940 959 σχοίνιο-μα
2979 891 3088 960 γὰρ
3118 892 3146 943 ὁ
3176 889 3379 960 κλῆρος
3410 890 3518 942 ὑπὸ
3545 886 3640 959 τῆς

2066 978 2214 1044 Θείας
2246 980 2491 1033 καλεῖται
2524 981 2768 1050 Γραφῆς,
2801 981 2951 1051 παρὰ
2983 981 3043 1033 τὸ
3076 980 3292 1051 σχοινίῳ
3324 980 3641 1050 μετρεῖσθαι

2066 1069 2165 1139 τὴν
2197 1072 2319 1139 γῆν,
2353 1074 2448 1124 καί
2466 1072 2691 1141 ,ἑκάστῳ
2719 1073 2817 1139 τὴν
2843 1072 3225 1143 προσήκουσαν
3246 1072 3638 1140 ἀπονέμεσθαι.

2064 1161 2285 1232 Ἐπειδὴ
2316 1162 2495 1214 τοίνυν
2527 1163 2621 1215 καὶ
2651 1163 2778 1225 τοὺς
2796 1162 3174 1231 Ἀλλοφύλους,
3203 1165 3268 1216 ὲκ
3296 1163 3391 1216 τοῦ
3420 1164 3641 1215 Χαναὰν

2064 1251 2125 1304 τὸ
2166 1252 2321 1320 γένος
2365 1254 2737 1323 κατάγοντας,
2783 1256 2840 1307 ἐν
2882 1258 2949 1325 τῇ
2996 1255 3248 1326 παραλίῳ
3291 1255 3589 1309 κατέλιπεν
3615 1257 3643 1308 δ

2065 1342 2216 1405 Θεὸς,
2244 1338 2354 1396 οἷόν
2380 1362 2501 1399 τινα
2530 1345 2732 1416 κλῆρον
2760 1346 2964 1416 ταύτην
2994 1346 3178 1410 αὐτοῖς
3207 1345 3520 1416 ἀπονείμας
3547 1349 3641 1416 τὴν

2066 1434 2190 1502 γῆν,
2234 1435 2564 1504 σχοίνισμα
2596 1436 2916 1503 θαλάσσης
2961 1438 3157 1500 αὐτοὺς
3205 1438 3638 1510 προσηγόρευσε.

2067 1527 2399 1595 Ποροίκους
2428 1526 2483 1578 δὲ
2514 1526 2756 1595 Κρητῶν
2784 1529 2903 1580 ἀντὶ
2932 1526 3023 1580 τοῦ
3054 1528 3351 1594 ἀποίκους
3373 1527 3638 1581 τέθεικεν.

2081 1615 2169 1677 Ὠς
2202 1616 2259 1666 ὲν
2291 1613 2755 1685 παραθαλασσίοις
2786 1615 2895 1686 γάρ
2917 1616 3155 1681 πόλεσιν,
3187 1616 3330 1677 εἰκός
3355 1634 3511 1680 τινας
3541 1617 3640 1670 ἀπὸ

2071 1707 2294 1778 Κρήτης
2344 1706 2657 1776 ἀφικέσθαι,
2703 1708 2798 1760 καὶ
2846 1708 3191 1778 κατοικῆσαι.
3244 1707 3353 1760 Καὶ
3399 1707 3641 1761 Χαναὰν

401 1794 629 1860 Cretam,
664 1803 717 1850 et
745 1796 971 1850 advenas
1009 1796 1363 1860 Cretensium,
1398 1800 1514 1853 loca
1547 1802 1825 1859 maritima
1866 1801 1959 1856 Pa-

2070 1799 2278 1861 τοίνυν,
2312 1800 2404 1852 καὶ
2456 1799 2787 1868 σχοίνισμα
2836 1796 3188 1863 θαλάσσης,
3236 1797 3328 1850 καὶ
3366 1797 3636 1866 Κρήτην,

403 1887 627 1942 Ιαιειίιιω
696 1889 1021 1958 appellavit,
1080 1890 1283 1960 quibus
1339 1892 1650 1947 vastitatem
1716 1894 1964 1949 minatus

394 1985 503 2035 est.

468 2069 634 2129 Vsus.
668 2069 721 2129 7.
761 2094 777 2126 ι
818 2070 883 2130 Et
912 2076 1015 2132 erit
1072 2071 1352 2133 funiculus
1383 2078 1551 2134 maris
1591 2076 1678 2133 bis
1705 2076 1801 2148 qui
1839 2076 1966 2133 reli-

397 2163 493 2233 qui
523 2172 653 2219 sunt
685 2165 752 2221 de
780 2164 942 2220 domo
968 2164 1119 2220 Iudae
1156 2185 1169 2220 :
1204 2181 1370 2237 super
1401 2167 1550 2236 ipsos
1581 2177 1880 2238 pascentur
1909 2168 1962 2222 in

397 2256 655 2309 domibus
686 2257 975 2312 Asealonis
997 2274 1009 2310 :
1035 2257 1100 2310 ad
1136 2272 1422 2326 vesperam
1455 2260 1728 2315 diverteut
1751 2276 1777 2311 a
1816 2258 1959 2313 faeie

400 2346 633 2399 tiliormn
695 2344 849 2400 «Iuda:
885 2365 898 2399 :
932 2350 1060 2416 quia
1132 2348 1313 2402 \‘isitat
1346 2363 1443 2402 eos
1500 2347 1767 2402 Dominus
1822 2349 1962 2404 Deus

399 2450 612 2503 eorum,
647 2445 699 2492 ct
739 2439 934 2492 avertit
968 2439 1341 2507 captivitatem
1385 2454 1595 2494 eorum.
1630 2459 1649 2491 ι
1685 2439 1812 2495 Haec
1841 2451 1962 2509 post

399 2527 638 2581 reditum
679 2527 837 2583 ﬁnem
876 2529 1070 2583 sortita
1102 2538 1254 2584 sunt.
1292 2527 1504 2583 Etenim
1558 2530 1612 2583 in
1656 2530 1814 2585 libris
1850 2530 1960 2583 Ma-

406 2619 758 2674 cbabaaorum
816 2619 1129 2675 invenimus
1166 2629 1221 2674 et
1260 2617 1552 2674 Ionatham
1575 2629 1633 2676 et
1662 2619 1959 2687 Simonem,

398 2708 624 2777 Gazam,
656 2719 712 2765 et
753 2712 1114 2775 Ascalonem,
1159 2718 1214 2767 et
1266 2710 1602 2766 Ptolemaida
1651 2712 1699 2765 vi
1753 2714 1963 2782 cepisse

399 2810 452 2855 et
487 2802 592 2857 sub
627 2810 959 2871 potestatem
996 2817 1150 2859 suam
1213 2802 1512 2873 redegisse.
1547 2803 1617 2857 At
1662 2811 1875 2856 certum
1906 2809 1962 2857 et

401 2891 766 2946 indubitatum
803 2893 963 2948 tinem
999 2894 1300 2963 prophetiae
1358 2907 1481 2963 post
1527 2894 1826 2951 Salvatoris
1861 2910 1962 2949 no-

398 2981 500 3037 strl
552 2984 932 3039 ascensionem
988 2986 1173 3038 videre
1221 2995 1327 3046 est,
1364 2996 1418 3039 et
1470 2993 1593 3056 post
1643 2996 1959 3041 sanctorum

398 3067 773 3144 apostolorum
824 3075 1289 3146 praedicationem.
1332 3074 1395 3129 Hi
1438 3076 1584 3131 enim
1634 3091 1701 3130 ex
1755 3074 1960 3131 Iudaeis

398 3165 654 3229 oriundi,
694 3166 759 3220 ad
793 3180 1079 3237 vesperam
1115 3168 1170 3221 in
1218 3167 1318 3222 has
1376 3168 1539 3223 urbes
1585 3168 1959 3234 diverterunt;

400 3257 505 3311 hoc
567 3264 682 3319 est,
737 3265 867 3312 ante
918 3272 1203 3327 veSperam
1259 3259 1776 3323 consummationis,
1836 3275 1961 3313 cum

403 3347 546 3403 Deus
578 3348 966 3404 universorum
1010 3356 1200 3418 gentes
1233 3349 1514 3405 visitasset
1535 3393 1549 3414 ,
1585 3361 1639 3403 et
1667 3351 1734 3403 ab
1766 3350 1965 3403 acerba

403 3440 666 3494 servitute
694 3446 748 3494 et
771 3440 1093 3509 captivitate
1127 3440 1250 3495 illas
1273 3440 1589 3495 liberasset.
1615 3438 1747 3495 Inde
1768 3448 1964 3494 contra

402 3530 669 3587 Hoabitas
696 3540 751 3585 et
787 3530 1141 3586 Ammonitas
1176 3529 1282 3585 fert
1330 3531 1680 3586 sententiam.
1721 3530 1787 3585 Hi
1817 3532 1963 3587 enim

403 3622 729 3692 cognatione
761 3622 1021 3691 populum
1054 3621 1223 3677 Israel
1252 3623 1611 3693 attingentes,
1645 3630 1701 3677 et
1724 3639 1790 3678 ex
1827 3622 1966 3677 Loto

403 3726 574 3785 genus
595 3727 755 3768 suum
799 3712 1084 3774 ducentes.
1115 3712 1532 3769 delectabantur
1557 3716 1966 3770 calamitatibus

401 3800 784 3874 (-lttdseorum),
817 3813 872 3858 et
895 3804 949 3857 in
977 3804 1145 3860 Deum
1176 3807 1561 3863 universorum
1594 3807 1965 3876 blaspbetnias

399 3894 695 3962 iaciebant,
728 3895 874 3964 quod
924 3894 1133 3951 Judazis
1169 3898 1377 3951 nullam
1427 3913 1585 3968 opem
1632 3897 1962 3967 porrigeret.

400 3983 614 4041 Idcirco
644 3985 787 4041 Deus
811 3986 884 4039 ait
921 4003 932 4039 :

470 4249 631 4306 Vens.
664 4249 814 4304 8-10.
853 4266 871 4301 ι
914 4248 1113 4303 Audivi
1148 4246 1443 4318 opprobria
1502 4237 1699 4311 Moabi,
1742 4254 1796 4301 et
1834 4258 1966 4302 eon-

397 4342 654 4396 tumelias
676 4339 911 4395 filiorum
935 4339 1243 4401 Ammonis,
1269 4337 1468 4404 quibus
1493 4352 1555 4389 ex
1566 4337 1967 4405 probraverunt

402 4434 607 4505 populo
647 4447 788 4497 meo,
817 4440 870 4485 et
895 4430 1227 4499 magniﬁcati
1257 4438 1386 4483 sunt
1416 4445 1581 4500 super
1609 4429 1822 4503 1570
1849 4441 1963 4487 ter-

401 4526 578 4579 minos
610 4540 781 4580 meos.
813 4520 1109 4590 Propterea
1130 4560 1143 4585 ,
1176 4518 1312 4573 Vivo
1359 4538 1481 4589 ego,
1513 4522 1646 4578 dicit
1697 4525 1964 4581 Dominus

398 4616 691 4679 virtutum,
724 4613 864 4686 Deus
893 4610 1133 4674 lsraelis,
1164 4612 1327 4681 quia“
1357 4612 1513 4669 Moab
1554 4614 1698 4670 sicut
1726 4615 1963 4671 Sodoma

399 4707 521 4770 erit,
558 4714 610 4759 et
633 4705 726 4758 lllii
757 4703 991 4756 Ammon
1018 4703 1174 4770 quasi
1204 4703 1508 4758 Comorrha
1537 4722 1550 4757 :
1584 4717 1637 4762 et
1665 4708 1966 4765 Damascus

399 4796 686 4856 ventilata.
723 4793 884 4863 quasi
924 4807 1155 4848 acervus
1190 4810 1352 4862 areae,
1389 4805 1445 4851 et
1479 4798 1741 4869 dissipata
1787 4816 1962 4871 usque

399 4887 453 4939 in
494 4887 888 4953 sempiternum
928 4894 942 4938 ι
973 4893 1029 4940 et
1049 4885 1142 4953 qui
1178 4886 1370 4956 reliqui
1423 4886 1626 4943 fuerint
1664 4890 1732 4944 de
1761 4893 1965 4960 populo

399 4991 544 5033 meo.
576 4976 841 5044 diripiant
875 4991 992 5036 eos,
1026 4984 1080 5032 et
1115 4978 1323 5032 residui
1351 4981 1682 5049 gentismeze
1716 4982 1963 5050 posside-

404 5070 538 5121 httnt
559 5082 674 5122 eos.
709 5066 968 5123 llaac'erit
993 5068 1074 5123 eis
1108 5084 1203 5139 pro
1231 5072 1563 5124 contumelia
1592 5088 1806 5137 corum,
1834 5075 1961 5140 quia

400 5159 897 5229 exprobraverunt,
939 5171 994 5213 et
1029 5162 1209 5229 magni
1238 5160 1366 5215 facti
1412 5170 1540 5215 sunt
1588 5179 1754 5231 super
1795 5178 1964 5232 popu-

403 5252 512 5305 lum
547 5249 754 5304 Domini
783 5250 1202 5319 omnipotentis.
1238 5270 1255 5302 ι
1289 5249 1465 5322 Reges
1491 5269 1622 5307 suos
1656 5254 1965 5310 habuerunt

401 5350 452 5397 et
503 5341 774 5406 Moabitte,
825 5349 879 5397 et
931 5341 1277 5405 Ammanitae,
1335 5351 1388 5396 et
1437 5342 1739 5400 Damascus
1789 5347 1962 5402 totius

2067 1890 2161 1941 καὶ
2187 1890 2513 1958 παροίκους
2544 1888 2810 1955 Κρητῶν,
2848 1887 2915 1940 τὰ
2948 1886 3370 1958 παραθαλάσσια
3403 1887 3504 1958 τῆς
3530 1889 3635 1941 Πα-

2066 1979 2342 2050 λαιστίνης
2369 1979 2619 2050 ὠνόμασε
2646 1979 2842 2050 χωρία,
2870 1973 2951 2043 οἷς
2977 1978 3216 2050 ἐρημίαν
3244 1978 3534 2050 ἠπείλησε.

2136 2072 2200 2136 ζ’.
2238 2090 2258 2123 ι
2303 2072 2413 2124 Kal.
2455 2070 2609 2124 ἔσται
2638 2071 2700 2124 τὸ
2747 2071 3032 2141 σχοίνισμα
3073 2071 3172 2141 τῆς
3217 2068 3498 2141 θαλάσσης
3525 2073 3636 2136 τοῖς

2065 2162 2411 2227 καταλοίιτοις
2438 2162 2587 2215 οἴκου
2637 2159 2835 2214 Ἰούδαο
2870 2161 2959 2213 ἐπ’
2994 2160 3191 2222 αὐτοὺς
3217 2160 3555 2230 νεμήσονται
3578 2161 3634 2211 ὲν

2062 2256 2172 2315 τοῖς
2202 2251 2368 2315 οἴκοις
2413 2251 2749 2312 ’Λσκάλωνος
2771 2266 2785 2281 ·
2823 2250 3002 2320 δείλης
3028 2247 3425 2303 καταλύσουσιν
3447 2248 3495 2282 ⁸⁸
3530 2249 3634 2303 ἀπὺ

2064 2344 2354 2413 προσώπου
2397 2342 2529 2396 υἱῶν
2576 2342 2764 2404 Ἰούδα,
2816 2343 2898 2396 ὅτι
2943 2342 3396 2395 ὲπισκέπτεται⁸⁵
3442 2343 3635 2405 αὐτοὺς

2062 2436 2265 2505 Κύριος
2294 2436 2321 2489 ὁ
2352 2436 2484 2498 Θεὸς
2533 2435 2709 2488 αὐτῶν
2726 2434 2793 2498 ⁸⁸,
2832 2435 2929 2487 καὶ
2982 2433 3297 2504 ἀπέστρεψε
3334 2433 3438 2503 τὴν
3472 2435 3635 2502 αἰχμ-

2062 2523 2299 2577 αλωσίαν
2336 2523 2536 2577 αὐτῶν.
2565 2542 2582 2576 t
2603 2523 2787 2577 Ταῦτα
2816 2521 2955 2593 μετᾶ
2983 2521 3079 2593 τὴν
3110 2523 3369 2577 ἐπάνοδον
3404 2519 3636 2593 πέρατος

2061 2612 2268 2684 ἔτυχεν.
2300 2614 2641 2683 Εὑρίσκομεν
2672 2614 2781 2684 γὰρ
2822 2612 2914 2667 καὶ
2938 2614 3001 2668 ὲν
3042 2616 3155 2677 τοῖς
3194 2613 3632 2676 Μακκαϐαῖκοῖς,

2064 2701 2157 2753 καὶ
2192 2702 2468 2772 Ἰωνάθην,
2500 2703 2594 2757 καὶ
2620 2703 2859 2773 Σίμωνα,
2884 2702 2980 2755 καὶ
3007 2703 3204 2773 Γάζης,
3240 2704 3333 2757 καὶ
3365 2702 3638 2757 Ἀσκάλω-

2062 2810 2171 2854 νος,
2205 2793 2299 2845 καὶ
2334 2793 2694 2864 Πτολεμαΐδος
2736 2794 3222 2865 περιγενομένους,
3254 2795 3350 2849 καὶ
3390 2793 3497 2848 ὑπὸ
3538 2794 3636 2865 τὴν

2060 2883 2268 2937 οἰκείαν
2304 2884 2470 2947 αὐτάς
2503 2885 2800 2955 ἠγεμονίαν
2846 2885 3238 2954 πεποιηκότας.
3280 2884 3356 2938 Τὸ
3390 2885 3450 2938 δὲ
3481 2886 3635 2955 ἀκρι-

2062 2977 2155 3041 ϐὲς
2198 2979 2294 3030 καλ⁸
2335 2976 2723 3047 ἀναντίρρητον
2768 2976 2919 3039 τέλος
2961 2975 3062 3045 τῆς
3107 2975 3445 3046 προφητείας
3490 2974 3639 3027 ἔστιν

2068 3071 2194 3123 ἰδεῖν
2221 3068 2361 3140 μετά
2387 3068 2486 3139 τὴν
2517 3067 2612 3123 τοῦ
2642 3068 2895 3141 Σωτῆρος
2927 3068 3082 3140 ἡμῶν
3107 3067 3376 3139 ἀνάληψιν
3410 3067 3637 3122 καὶτῶν

2069 3163 2236 3233 ἁγίων
2264 3162 2577 3217 ἀποστόλων
2621 3161 2681 3216 τὸ
2723 3163 3009 3231 κήρυγμα.
3060 3156 3220 3215 Οὗτοι
3257 3161 3366 3230 γὰρ
3405 3160 3466 3226 ἐξ
3514 3159 3641 3213 Ἰουο

2066 3255 2230 3307 δαίων
2258 3253 2590 3326 ὁρμώμενοι,
2628 3253 2810 3322 δείλης
2852 3257 2909 3305 ὲν
2937 3252 3163 3314 ταύταις
3191 3250 3497 3305 κατέλυσαν
3522 3252 3640 3314 sai;

2067 3346 2257 3399 πόλεσι
2281 3362 2293 3374 ⁸
2329 3345 2595 3400 τουτέστι.
2638 3343 2743 3415 πρὸ
2781 3344 2882 3411 τῆς
2912 3344 3152 3414 ἑσπέρας
3177 3344 3276 3413 τῆς
3305 3342 3636 3407 συντελείας,

2065 3437 2160 3489 τοῦ
2184 3436 2317 3490 Θεοῦ
2345 3435 2454 3488 τῶν
2481 3434 2616 3488 ὅλων
2652 3433 3089 3504 ἐπισκεψάμενον
3130 3433 3199 3487 τά
3233 3433 3384 3504 ἔθνη,
3418 3434 3515 3487 καὶ
3546 3433 3641 3502 τῆς

2067 3527 2272 3597 πικρᾶς
2297 3526 2435 3580 αὐτὰ
2455 3524 2501 3556 ⁸⁷
2538 3524 2780 3587 δουλείας
2812 3542 2871 3576 τε
2903 3524 2996 3577 καὶ
3021 3522 3401 3593 αἰχμαλωσίας
3430 3522 3641 3575 ἐλευθε-

2069 3617 2364 3689 ρώσαντος.
2397 3615 2676 3669 Ἐντεῦθεν
2696 3615 2836 3669 κατὰ
2850 3614 3154 3669 Μωαϐιτῶν
3174 3615 3267 3668 καὶ
3293 3613 3641 3684 Ἀμμανιτῶν

2067 3706 2290 3778 ἐκφέρει
2317 3708 2416 3779 τὴν
2442 3706 2621 3776 ψῆφον
2642 3722 2655 3736 ⁸
2700 3700 2847 3760 οὗτοι
2873 3705 2982 3777 γάρ
3028 3708 3308 3774 συγγενεῖς
3353 3704 3508 3767 ὄντες
3548 3702 3639 3757 τοῦ

2081 3798 2318 3869 Ἰσραὴλ,
2348 3798 2441 3851 καὶ
2477 3799 2542 3851 ὲκ
2568 3797 2673 3851 τοῦ
2698 3797 2821 3852 Λὼτ
2857 3798 2918 3851 τὸ
2947 3798 3104 3868 γένος
3158 3796 3517 3865 κατάγοντες,
3550 3797 3640 3864 ἔφυ

2069 3887 2259 3956 ήδοντό
2277 3905 2337 3940 τε
2366 3890 2487 3952 ταῖς
2510 3891 2833 3959 συμφοραῖς,
2862 3889 2957 3942 καὶ
2989 3888 3361 3960 βλασφημίαις
3380 3887 3525 3941 κατά
3550 3886 3639 3939 τοῦ

2066 3979 2205 4032 θεοῦ
2253 3979 2364 4031 τῶν
2414 3981 2553 4033 ὅλων
2604 3980 2863 4051 ἐχρῶντο,
2915 3981 2990 4045 ὡς
3046 3982 3315 4052 μηδεμιᾶς
3366 3979 3641 4042 Ἰουδαίοις

2069 4070 2200 4142 παρ’
2236 4070 2402 4124 αὑτοῦ
2465 4071 2721 4144 βοηθείας
2772 4073 3227 4145 παρασχεθείσης.
3278 4074 3373 4127 Διό
3420 4089 3586 4144 φησιν
3614 4074 3645 4124 ὁ

2068 4163 2222 4226 Θεός⁶

2139 4256 2275 4326 η’-ι¹.
2308 4275 2326 4308 ι
2372 4254 2619 4310 Ἤκουσα
2651 4255 2992 4326 ὀνειδισμοὺς
3033 4255 3228 4321 Μωὰϐ,
3269 4256 3365 4309 καὶ
3402 4256 3644 4308 κονδυλι-

2073 4349 2243 4419 σμοίις
2271 4348 2403 4401 υἱῶν
2448 4347 2698 4419 Ἀμμὼν,
2725 4350 2784 4402 ὲν
2813 4343 2894 4412 οἷς
2916 4348 3188 4412 ὠνείδιζον
3228 4347 3320 4401 τὸν
3345 4346 3476 4400 λαόν
3521 4364 3641 4418 μου,

2071 4442 2163 4495 καὶ
2197 4441 2595 4512 ἐμεγαλύνοντο
2629 4442 2722 4494 ἐπὶ
2755 4442 2823 4495 τὰ
2870 4440 2998 4511 ὃριά
3044 4457 3167 4510 μου.
3214 4438 3315 4492 Διά
3350 4438 3530 4500 τοῦτο,
3560 4439 3646 4490 Ζῶ

2071 4532 2203 4595 ἐγὼ,
2234 4531 2384 4598 λέγει
2415 4532 2619 4599 Κύριος
2651 4530 2760 4585 τῶν
2791 4531 3094 4601 δυνάμεων,
3127 4530 3155 4582 ὁ
3177 4528 3308 4591 Θεὸς
3339 4527 3434 4581 τοῦ
3460 4528 3506 4559 ⁸⁸
3545 4528 3643 4580 ἰσ-

2073 4624 2227 4698 ραὴλ,
2264 4624 2410 4677 ὃτι⁸⁹
2456 4621 2630 4676 Μωάϐ
2664 4623 2739 4687 ὡς
2768 4623 2977 4693 Σόδομα
3002 4621 3180 4685 ἔσται,
3228 4621 3323 4699 καὶ
3364 4620 3472 4673 uici.
3509 4622 3642 4689 Ἀμ-

2075 4716 2190 4787 μὼν
2219 4715 2294 4779 ὡς
2335 4714 2609 4787 Γόμορρα,
2644 4715 2737 4768 καὶ
2775 4713 3065 4784 Δαμασκὸς
3109 4712 3548 4784 ὲκλελικμημένη
3572 4711 3637 4773 ’⁸,

2072 4808 2148 4870 ὡς
2173 4807 2424 4876 Οημωνία
2455 4808 2679 4868 ἅλωνος,
2713 4806 2807 4858 καὶ
2840 4804 3186 4875 ἠφανισμένη
3214 4805 3295 4867 είς
3326 4805 3419 4857 τὸν
3448 4803 3637 4856 αίῶνα’

2069 4898 2162 4951 καὶ
2219 4899 2269 4950 οί
2313 4896 2631 4949 κατάλοιποι
2690 4894 2820 4949 λαοῦ
2878 4911 2981 4964 μου
3036 4893 3375 4963 διαρπῶνται
3424 4892 3639 4954 αὐτοὺς,

2071 4986 2164 5039 καὶ
2190 4985 2240 5037 οί
2280 4984 2599 5037 κατάλοιποι
2633 4982 2819 5046 ἔθνους
2871 4999 2973 5052 μου
3005 4979 3508 5052 κληρονομήσουσιν
3546 4981 3643 5034 αύ-

2069 5078 2214 5140 τούς.
2265 5075 2414 5146 Αὖτη
2464 5075 2648 5138 αὐτοῖς
2692 5073 2810 5127 ἀντὶ
2857 5073 2955 5144 τῆς
2998 5066 3211 5145 ὕϐρεως
3243 5072 3457 5126 αὐτῶνο
3507 5072 3638 5125 διότι

2071 5163 2385 5231 ὼνείδισαν,
2436 5167 2529 5219 καὶ
2561 5165 3010 5236 ὲμεγαλύνθησαν
3044 5164 3138 5218 ἐπὶ
3165 5162 3259 5218 τὸν
3298 5164 3426 5218 λαὸν
3445 5165 3488 5196 ⁹¹
3526 5166 3638 5217 Ku—

2073 5261 2188 5331 ρίου
2219 5259 2675 5332 παντοκράτορος.
2705 5278 2724 5311 ι
2757 5259 3022 5322 Βασιλέας
3043 5253 3188 5330 εἶχον
3214 5258 3310 5311 καὶ
3331 5258 3635 5322 Μωαϐῖται,

2071 5350 2167 5401 καὶ
2202 5350 2551 5420 Ἀμμανῖται,
2592 5348 2688 5403 καὶ
2720 5349 2753 5419 ἡ
2786 5348 3077 5418 Δαμασκδς
3111 5348 3292 5418 πάσης
3321 5346 3633 5402 ἐϐασίλευσε

1695 5502 1928 5566 νΑιιιΑε
1972 5512 2368 5568 LECTIONES.

474 5636 521 5669 “
553 5639 595 5691 Α
624 5649 1008 5714 καταλύουσιν.
1078 5645 1122 5676 ⁸⁵
1150 5645 1183 5695 Λ
1212 5634 1743 5714 ἐπέσκεπται,η]ιιιιιιι
1769 5666 1879 5704 rrc.
1918 5652 2039 5706 ιρι-ι.

2134 5655 2180 5685 ⁸⁸
2215 5653 2334 5707 αὐτ.
2372 5652 2492 5707 Des.
2535 5653 2586 5706 in
2646 5651 2712 5708 A.
2785 5651 2830 5682 ⁸⁷
2864 5651 3024 5705 αὐτά.
3069 5650 3193 5707 Des.
3230 5651 3283 5705 in
3312 5648 3373 5705 C.
3451 5646 3603 5702 ⁸³τοῦ

458 5721 529 5759 δε.
577 5724 631 5761 ιιι
659 5710 722 5762 Α.
794 5712 838 5743 ⁸⁸
867 5715 907 5765 Α
933 5713 1084 5767 διότι.
1162 5714 1207 5745 ⁹⁰
1238 5717 1279 5767 Δ
1318 5725 1369 5767 et
1407 5715 1446 5769 C
1480 5708 1886 5791 ἐκλελειμμένη.
1992 5724 2034 5756 ἰ
2067 5741 2113 5776 τ.
2150 5723 2201 5780 λ.
2239 5725 2305 5778 K.
2360 5739 2515 5777 ’παντ-⁴
2560 5722 2601 5776 A
2648 5720 2851 5792 Κύριον
2878 5723 2967 5774 τὸν
2998 5723 3425 5793 παντοκράτορα.
