3956 6202
252 384 388 452 1849

1508 401 1589 465 ΙΝ
1623 398 2018 467 ΞΟΡΗΟΝΙΕ
2058 399 2213 467 CAP.
2256 400 2339 465 II.

3357 399 3492 468 1850
3560 461 3565 464 .

247 506 352 575 τῆς
381 506 608 578 Συρίας·
640 508 776 563 ἀλλά
818 510 1020 575 ταύτας
1054 513 1271 578 ἁπάσας
1310 516 1611 571 κατέλυσαν
1642 519 1803 573 Βαϐυ-

1923 517 2093 590 Syria:
2144 533 2371 587 regnum
2432 518 2642 580 tenuit,
2679 511 2774 571 sed
2821 517 2936 572 ltaze
2972 517 3154 573 omnia
3204 512 3487 590 Babylonii

248 596 463 650 λώνιοι·
514 599 697 669 μόνοις
741 601 799 654 δὲ
841 603 1108 669 Ἰουδαίοις
1149 609 1179 659 6
1227 607 1336 660 τῶν
1383 609 1519 662 ὃλων
1553 611 1686 675 Θεὸς
1726 612 1814 665 διὰ

247 686 433 758 Κύρου
473 689 569 743 τοῦ
621 691 835 763 Πέρσου
886 695 985 765 τὴν
1037 697 1296 752 ἐπάνοδον
1336 699 1669 772 ἐδωρήσατο.
1705 704 1818 757 Καὶ

246 779 555 850 ἀνήνθησαν
576 782 620 814 ⁹²
672 784 851 850 πάλιν,
884 787 980 840 καὶ
1010 787 1386 861 ἀνεκτήσαντο
1413 792 1510 864 τὴν
1543 796 1816 865 προτέραν

253 869 564 938 ἡγεμονίαν,
619 872 713 925 καὶ
742 873 859 937 δέος
916 870 1089 932 ἅπασι
1138 880 1657 955 τούτοις.παρεϊχον
1699 888 1815 949 τοῖς

246 955 425 1011 εθνεσι
444 974 461 988 ’
492 961 588 1013 καὶ
628 963 781 1016 αὐτοὶ
825 962 925 1034 μὲν
957 968 1025 1021 τά
1052 969 1276 1023 ἐκείνων
1305 974 1576 1043 ἐνέμοντο,
1616 974 1814 1029 ἐκεῖνοι

244 1046 302 1099 δὲ
330 1047 544 1113 τούτοις
574 1052 894 1109 ἀντιτείνειν
923 1058 1022 1110 οὐκ
1054 1059 1256 1130 ίσχυον.
1292 1057 1365 1116 Οὗ
1408 1065 1565 1135 χάριν
1606 1068 1635 1119 6
1674 1066 1819 1129 θεῖος

245 1140 610 1226 προαγορεύει
633 1143 681 1175 ⁸³
707 1144 882 1214 λόγος,
912 1149 1204 1215 Μωαϐίτας
1236 1151 1335 1223 μὲν
1357 1155 1451 1207 καὶ
1475 1155 1813 1226 Ἀμμανίτας

243 1224 452 1316 ερημίᾳ
481 1231 740 1284 παντελεῖ
778 1237 1269 1309 παραδοθήσεσθαι,
1314 1244 1412 1315 τὴν
1441 1245 1495 1297 δὲ
1526 1224 1813 1316 Δαμασκὸν

246 1312 500 1407 θημωνίᾳ
542 1320 746 1387 ἅλωνος
778 1324 1149 1402 λελικμημένῃ
1174 1332 1218 1363 ⁸⁵
1268 1312 1806 1407 παραϐληθήσεσθαι.

243 1405 428 1500 Ταῦτα
471 1409 525 1500 δε
578 1411 874 1483 ὑπέμειναν
924 1419 982 1470 ὲν
1028 1423 1093 1490 τῇ
1148 1421 1256 1474 τῶν
1296 1405 1588 1479 Χαλδαίων.
1614 1428 1808 1500 ἐφόδῳ.

256 1493 644 1588 ᾎφανισθῆναι
678 1503 735 1556 δὲ
767 1507 848 1570 είς
876 1506 966 1560 τὸν
994 1509 1162 1564 αίῶνα
1196 1510 1342 1581 λέγει
1375 1515 1469 1585 τὴν
1495 1493 1807 1588 Δαμασκὸν,

240 1585 330 1641 διὰ
356 1587 418 1641 τὺ
449 1590 507 1657 ἐξ
547 1593 775 1660 ἐκείνου,
800 1598 892 1651 καὶ
921 1600 1000 1664 εἰς
1032 1600 1124 1654 τὸν
1152 1601 1341 1657 ἔπειτα
1372 1585 1589 1678 χρόνον,
1609 1609 1807 1664 ἀπολέ-

242 1694 335 1731 σαι
368 1679 540 1773 αὑτὴν
571 1683 672 1773 τῆς
699 1686 977 1755 βασιλείας
1000 1693 1098 1761 τὴν
1127 1692 1466 1762 δυναστείαν,
1494 1700 1587 1752 καὶ
1614 1703 1809 1773 μηκέτι

237 1770 510 1840 κρατῆσαι
542 1772 651 1827 τῶν
695 1777 948 1848 ὑπηκόων
987 1781 1176 1848 ἐθνῶν,
1217 1784 1335 1838 ἀλλ’
1363 1788 1634 1860 ὑπόφορον
1661 1770 1810 1859 γενέ-

1925 611 2248 666 deleverunt
2278 628 2292 665 :
2329 609 2464 665 solis
2501 617 2681 665 autem
2704 608 2909 664 Judaeis
2942 607 3085 664 Deus
3109 612 3488 664 universorum

1928 715 2025 769 per
2055 700 2256 771 Cyrum
2288 699 2509 756 Persam
2543 699 2782 754 reditum
2817 698 3060 755 donavit.
3103 700 3491 757 Reﬂorucrunt

1925 793 2112 862 itaque
2161 800 2215 847 et
2267 792 2564 862 pristinum
2623 793 2991 861 principatum
3056 803 3487 863 recuperarunt,

1924 894 2244 955 metumque
2286 884 2596 954 injecerunt
2650 885 2737 939 bis
2786 886 3042 941 omnibus
3100 887 3387 956 gentibus;
3433 897 3491 941 et
3557 886 3565 923 λ

1923 975 2139 1029 illarum
2169 975 2389 1046 quidem
2416 976 2821 1046 possessionem
2856 977 3173 1032 obtinebant
3195 1018 3212 1043 ,
3245 977 3322 1032 illi
3358 992 3490 1032 vero

1920 1066 2009 1123 bis
2052 1067 2323 1123 obsistere
2372 1075 2802 1138 non‘poterant.
2849 1069 3216 1133 Quamobrem
3268 1070 3488 1125 divinus

1922 1174 2102 1215 sermo
2135 1159 2422 1229 praedicit,
2468 1159 2735 1215 Moabitas
2771 1170 2824 1215 et
2854 1161 3196 1216 Ammonitas
3240 1161 3488 1218 funditus

1920 1258 2196 1305 vastatum
2226 1251 2314 1315 iri,
2349 1251 2674 1326 Damascum
2710 1266 2840 1306 vero
2884 1266 3083 1306 acervo
3122 1267 3263 1307 areae
3305 1254 3487 1307 venti-

1919 1341 2037 1396 lato
2076 1352 2457 1413 comparatum
2509 1340 2594 1395 iri.
2649 1340 2775 1397 Haec
2819 1357 2951 1397 vero
2982 1343 3060 1396 illi
3104 1343 3488 1398 sustinuerunt

1919 1431 1974 1486 in
2002 1432 2149 1487 bello
2179 1432 2328 1502 quod
2377 1432 2462 1487 eis
2503 1432 2808 1485 intulerunt
2852 1430 3112 1487 Chaldaei.
3157 1430 3483 1487 Damascum

1918 1538 2086 1593 porro
2111 1523 2163 1576 in
2194 1523 2594 1593 sempiternum
2643 1522 2970 1591 dissipatam
3016 1522 3172 1587 dicit,
3223 1538 3289 1577 eo
3335 1522 3483 1591 quod

1919 1613 1986 1667 ab
2015 1612 2107 1667 illo
2135 1619 2400 1682 tempore,
2424 1624 2479 1667 et
2514 1613 2567 1667 in
2594 1622 2894 1682 posterum,
2931 1613 3088 1682 regni
3119 1614 3482 1683 principatum

1916 1701 2242 1773 perdiderit,
2283 1711 2476 1758 etnon
2514 1704 2753 1773 amplius
2797 1700 3034 1759 subditis
3079 1705 3337 1775 gentibus
3380 1706 3483 1758 im-

1918 1796 2213 1867 peraverit,
2245 1793 2343 1848 sed
2392 1794 2676 1864 vectigalis
2707 1794 2848 1847 facta
2901 1794 3087 1860 fuerit,
3124 1797 3480 1865 regnantibus

239 1860 366 1915 σθαι
393 1863 502 1917 τῶν
535 1864 995 1936 βεϐασιλευκότων
1044 1874 1432 1944 Βαϐυλωνίων,
1483 1883 1709 1954 Περσῶν
1747 1902 1803 1939 τε

1913 1860 2247 1957 Dabyloniis,
2280 1892 2336 1940 et
2368 1860 2573 1949 Persis,
2611 1893 2665 1939 et
2689 1884 3104 1951 Macedonibus,
3135 1860 3321 1940 et'boc
3345 1897 3479 1941 tem-

235 1950 333 2003 καὶ
367 1952 725 2020 Μακεδόνων.
772 1959 869 2014 καὶ
912 1962 1006 2014 ἐπὶ
1044 1964 1138 2017 τοῦ
1183 1966 1449 2037 παρόντος
1494 1950 1801 2040 Ῥωμαίων.

247 2040 567 2133 unum;
593 2047 872 2102 κάνταῦθα
909 2051 970 2104 τὸ
1003 2053 1228 2124 ἀκριϐὲς
1255 2056 1463 2128 τέλοςή
1499 2064 1806 2133 προφητεία

231 2129 324 2183 διὰ
353 2131 464 2186 τῶν
510 2134 669 2206 ἱερῶν
698 2136 891 2192 ἐλαϐεν
927 2141 1262 2209 ἀποστόλων,
1292 2148 1386 2200 καὶ
1419 2129 1805 2217 τῶν-ἐκείνους

231 2219 635 2294 διαδεξαμένων
662 2229 831 2296 ἁγίων
852 2245 866 2259 ⁸
894 2233 1118 2297 τούτους
1140 2235 1247 2308 γὰρ
1278 2239 1371 2291 καὶ
1398 2241 1425 2292 ὀ
1457 2240 1601 2305 θεῖος
1643 2244 1801 2299 Ἀπό-

232 2311 423 2408 στολος
474 2318 845 2389 κατάλειμμα
892 2326 1324 2397 προσηγόρευσε.
1380 2331 1650 2398 Τεθεικὼς
1697 2336 1804 2408 γὰρ

230 2403 711 2500 τὴνᾼπροφητείαν,
750 2412 849 2482 τὴν
873 2414 1167 2488 διαρρήδην
1199 2419 1410 2489 βοῶσαν
1435 2461 1450 2486 ,
1495 2444 1513 2475 ι
1560 2424 1742 2500 Ἐἀνῇ

231 2495 468 2566 ἀριθμὸς
493 2499 599 2552 τῶν
634 2502 764 2555 υίῶν
809 2505 1024 2575 Ἰσραὴλ
1056 2507 1131 2571 ὡς
1162 2511 1194 2580 ή
1238 2511 1422 2580 ἄμμος
1467 2515 1566 2584 τῆς
1605 2495 1804 2570 θαλάσ-

232 2601 357 2656 σης,
380 2587 440 2639 τὸ
475 2591 824 2663 κατάλειμμα
851 2595 1176 2662 σωθήσεται,
1218 2620 1236 2651 ι
1266 2603 1556 2673 ὲρμηνεύει
1589 2606 1763 2673 λέγων
1784 2625 1799 2641 ·

236 2695 256 2726 ε
297 2676 484 2742 Οὕτως
518 2681 611 2733 καὶ
637 2683 695 2734 ἐν
723 2684 800 2752 τῷ
847 2683 941 2736 νῦν
974 2687 1150 2758 καιρῷ
1184 2688 1392 2760 λεῖμμα
1426 2696 1546 2746 κατ’
1574 2697 1802 2767 ἐκλογὴν

226 2770 455 2842 χάριτος
487 2772 698 2841 γέγονε.
745 2794 763 2827 ι
821 2777 993 2829 Τοῦτο
1024 2778 1118 2831 καὶ
1167 2782 1195 2833 ὁ
1246 2784 1524 2855 Δεσπότης
1573 2786 1661 2839 διὰ
1706 2788 1800 2842 τοῦ

233 2859 510 2929 μακαρίου
545 2863 802 2932 Σοφονίου
855 2865 1023 2934 φησί’
1065 2883 1083 2917 ι
1124 2868 1233 2922 Καὶ
1279 2873 1327 2922 oi
1359 2873 1676 2928 κατάλοιποι
1715 2876 1802 2929 ἐθ-
1846 2872 1853 2877 ’

227 2966 358 3013 νους
385 2968 488 3020 μου
523 2951 1021 3026 κληρονομήσουσιν
1059 2958 1274 3024 αὐτούς.
1317 2983 1335 3016 ι
1382 2960 1513 3019 Εἶτα
1541 2967 1802 3036 σαφέστε-

231 3056 324 3111 ρον
352 3042 641 3113 ἑρμηνεύει
665 3060 679 3075 ⁸

1909 1991 2043 2045 pore
2103 1974 2390 2031 Romanis.
2450 1973 2554 2029 Sed
2610 1984 2791 2030 tamen
2849 1976 2936 2030 hic
2977 1976 3140 2030 etiam
3194 1977 3480 2047 prophetia

1909 2065 2069 2120 ﬁnem
2122 2066 2320 2136 adepta
2377 2075 2462 2121 est
2520 2081 2615 2136 per
2666 2081 2856 2121 sacros
2910 2068 3213 2137 apostolos,
3269 2075 3321 2121 et
3383 2082 3481 2135 per

1912 2154 2123 2228 157],
2182 2166 2407 2214 sanctos
2457 2159 2550 2228 qui
2605 2160 2869 2228 apostolis
2896 2166 3287 2219 successerant
3324 2182 3335 2213 :
3372 2159 3472 2215 llOS

1906 2249 2051 2302 enim
2074 2249 2294 2303 divinus
2321 2262 2543 2318 quoque
2564 2250 2863 2319 Apostolus
2884 2250 3138 2319 reliquias
3165 2250 3475 2319 appellavit.

1906 2338 2044 2393 Cum
2070 2338 2215 2393 enim
2266 2340 2655 2410 proposuisset
2688 2340 2867 2409 palam
2918 2339 3191 2395 dicentem
3242 2340 3478 2416 prophe-

1908 2429 2034 2482 tiam
2069 2446 2082 2483 :
2120 2448 2138 2481 ι
2171 2429 2227 2484 Si
2264 2429 2430 2485 fuerit
2476 2445 2740 2485 numerus
2799 2431 3035 2485 tiliorum
3092 2430 3309 2485 Israclis
3357 2439 3481 2485 tan-

1906 2535 2065 2589 quam
2096 2536 2260 2575 arena
2320 2521 2510 2584 maris,
2560 2519 2802 2589 reliquiae
2855 2521 3019 2574 salva:
3056 2520 3182 2573 fient
3215 2533 3262 2583 ιι,
3299 2538 3315 2570 ι
3350 2537 3479 2589 pro-

1906 2610 2144 2679 phetiam
2186 2610 2447 2679 explanat
2488 2609 2723 2664 dicens:
2765 2626 2784 2660 ι
2829 2606 2921 2662 Sic
2951 2625 3083 2678 ergo
3109 2621 3163 2663 et
3198 2611 3300 2663 hoc
3338 2618 3475 2664 tem-

1904 2715 2057 2770 pore,
2096 2700 2346 2770 reliquiae
2376 2700 2680 2756 secundum
2727 2698 3053 2755 electionem
3107 2702 3297 2770 gratiae
3336 2701 3476 2770 (Dei)

1903 2794 2068 2848 salva:
2134 2792 2294 2871 factae
2349 2791 2547 2847 suntb.
2586 2810 2606 2843 ι
2647 2789 2760 2845 lloc
2806 2792 2975 2845 etiam
3043 2791 3308 2846 Dominus
3379 2806 3476 2861 per

1902 2884 2119 2939 beatum
2178 2882 2513 2952 SOpIioniam
2549 2881 2626 2936 ait
2659 2899 2673 2936 :
2714 2899 2732 2932 ι
2764 2880 2831 2934 Et
2854 2880 3060 2936 residui
3109 2882 3289 2950 gentis
3343 2896 3476 2935 mem

1903 2975 2267 3044 possidebunt
2311 2989 2431 3030 eos.
2471 2993 2491 3028 ι
2524 2972 2720 3029 Postea
2765 2973 2983 3043 planius
3039 2973 3471 3042 interpretatur:

297 3151 387 3208 ια’.
424 3172 443 3207 ι
479 3155 908 3231 Ἑπιφανήσεται
935 3165 980 3196 9⁸
1040 3166 1238 3237 Κύριος
1297 3169 1384 3223 ἐπ’
1440 3172 1637 3236 αὐτοὺς
1660 3212 1674 3235 ,
1706 3174 1801 3226 καὶ

1980 3174 2140 3228 Vens.
2176 3172 2260 3227 Η.
2298 3190 2317 3224 ι
2348 3171 2645 3242 Apparebit
2708 3169 2973 3227 Dominus
3026 3185 3197 3241 super.
3245 3184 3375 3235 eos,
3418 3178 3476 3225 et

226 3243 598 3316 ἐξολοθρεύσει
654 3251 858 3316 πάντας
886 3257 1011 3319 τοὺς
1042 3256 1195 3322 θεοὺς
1225 3260 1331 3312 τῶν
1361 3261 1528 3314 ἐθνῶν
1562 3262 1607 3296 ³⁸
1638 3265 1734 3333 τῆς
1754 3264 1798 3296 ³⁷

163 3332 174 3339 ’
225 3336 359 3406 γῆς,
394 3338 487 3391 καὶ
543 3344 1015 3414 προσκυνήσουσιν
1048 3348 1093 3380 ’⁸
1124 3349 1301 3419 αὐτῷ,
1332 3350 1560 3410 ἕκαστος
1603 3356 1666 3406 ὲκ
1707 3354 1800 3408 τοῦ

226 3426 396 3480 τόπου
428 3429 615 3496 αὑτοῦ,
650 3434 820 3486 πᾶσαι
848 3436 893 3467 ⁸³
924 3439 978 3488 αἱ
1011 3437 1164 3507 νῆσοι
1194 3440 1299 3492 τῶν
1338 3440 1527 3495 ἐθνῶν.
1548 3421 1585 3490 ἰ
1622 3443 1803 3496 Ταῦτα

228 3518 353 3570 οὐδὲ
406 3518 502 3589 τὴν
533 3522 885 3593 ἀναίσχυντον
916 3526 1184 3581 Ἰουδαίων
1223 3530 1538 3600 ἀντίρρησιν
1565 3532 1798 3602 δέχεται.

141 3598 154 3609 ’
228 3606 293 3659 Εἰ
325 3606 432 3679 γὰρ
487 3609 712 3679 λέγοιεν,
744 3612 825 3665 ὅτι
885 3616 1022 3683 μετὰ
1076 3616 1172 3687 τὴν
1203 3619 1312 3670 ἀπὸ
1347 3598 1681 3685 -Βαϐυλῶνος
1711 3625 1802 3674 ἐπ-

228 3697 415 3752 άνοδον
447 3701 628 3754 πολλοὶ
658 3703 765 3755 τῶν
821 3705 1008 3768 ἐθνῶν,
1042 3709 1120 3771 είς
1173 3708 1263 3761 τὸν
1318 3711 1425 3763 τῶν
1479 3713 1614 3765 ὅλων
1642 3731 1802 3766 πεπι-

229 3793 514 3855 στευκότες
569 3793 721 3859 Θεὸν,
752 3797 831 3859 εἰς
883 3796 973 3849 τὸν
1020 3799 1075 3851 ἐν
1116 3800 1504 3872 Ἰεροσολύμοις
1540 3805 1674 3859 νεὼν
1702 3806 1798 3878 τὴν

227 3882 463 3951 νομικὴν
492 3884 779 3937 ἐπετέλουν
809 3887 1090 3959 λατρείαν,
1122 3891 1583 3963 ψευδηγοροῦντες
1613 3899 1798 3967 σαφῶς

228 3971 646 4043 ἐλεγχθήσονται
683 3992 696 4009 ⁸
727 3980 755 4031 6
783 3980 892 4050 γὰρ
950 3984 1283 4053 προφητικὸς
1311 3987 1469 4055 λόγος
1498 3990 1682 4061 φησὶν,
1717 3990 1797 4044 ὅτι

233 4084 253 4115 ι
286 4067 757 4137 Προσκυνήσουσιν
774 4070 921 4142 αὑτῷ
940 4072 1246 4138 ἔκαστοςὲκ
1274 4077 1366 4131 τοῦ
1383 4080 1545 4133 τόπου
1567 4082 1749 4140 αὑτοῦ.
1773 4103 1790 4137 ι

226 4155 403 4209 Τοῦτο
432 4157 487 4209 δὲ
518 4159 577 4210 οὐ
610 4160 748 4213 κατὰ
778 4161 962 4231 νόμον,
982 4165 1116 4217 ἀλλὰ
1144 4167 1281 4219 κατά
1311 4171 1407 4238 τὴν
1438 4172 1796 4246 εὐαγγελικὴν

225 4247 577 4302 διδασκαλίαν
607 4252 896 4323 γεγένηται
919 4271 931 4284 ⁶
964 4256 991 4307 6
1025 4256 1123 4323 μὲν
1154 4258 1259 4329 γὰρ
1291 4259 1452 4327 νόμος
1479 4265 1686 4329 πάντας
1714 4268 1796 4329 είς

224 4338 317 4391 τὸν
347 4339 441 4392 ἕνα
497 4344 701 4396 ἐκεῖνον
759 4345 959 4415 συνῆγε
1015 4350 1148 4401 νεών
1175 4364 1188 4378 ’
1221 4350 1248 4401 6
1278 4350 1334 4403 δὲ
1365 4353 1566 4422 Κύριος
1598 4360 1654 4412 ὲν
1682 4361 1792 4421 τοῖς

227 4431 582 4498 Ιῖὖαγγελίοις
608 4435 672 4504 τῇ
703 4434 1056 4507 Σαμαρείτιδί
1097 4455 1279 4509 φησιν’
1318 4457 1336 4490 ι
1377 4442 1548 4512 Ἀμὴν
1571 4446 1614 4509 ⁸,
1645 4444 1792 4517 ἀμὴν

224 4520 370 4589 λέγω
402 4537 504 4589 σοι,
536 4523 715 4592 γύναι,
746 4526 828 4579 ὅτι
857 4527 1071 4599 ἔρχεται
1102 4529 1237 4599 ὥρα,
1268 4533 1356 4585 ὅτε
1386 4533 1509 4586 οὔτε
1538 4538 1595 4588 ὲν
1636 4536 1796 4608 Ἰερο-

228 4612 500 4684 σολύμοις,
531 4615 653 4670 οὔτε
709 4618 766 4671 ἐν
820 4618 898 4688 τῷ
950 4621 1101 4691 τόπῳ
1154 4625 1347 4695 τούτῳ,
1380 4627 1493 4680 ἀλλ’
1523 4629 1580 4681 ὲν
1635 4631 1796 4684 παντὶ

222 4704 379 4776 τόπῳ
436 4698 873 4779 προσκυνήσουσι
915 4711 993 4781 τῷ
1043 4715 1238 4785 Πατρί.
1282 4736 1300 4769 ι
1334 4717 1502 4772 Τοῦτο
1532 4721 1624 4774 καὶ
1651 4723 1680 4774 6
1710 4722 1796 4775 θε-

226 4796 448 4860 σπέσιος
478 4798 735 4868 Σοφονίας
777 4801 904 4873 βοᾷ·
946 4821 964 4853 ι
1000 4803 1429 4876 Ἐπιφανήσεται
1472 4810 1677 4880 Κύριος
1706 4815 1792 4867 ἐπ’

222 4887 423 4952 αὐτούς
457 4904 472 4920 ’
513 4908 531 4940 ι
565 4890 845 4956 τουτέστι,
877 4894 1002 4967 τοὺς
1055 4898 1466 4969 προρῤηθέντας
1522 4901 1788 4971 ἅπαντας,

223 4977 608 5046 Ἀλλοερύλους,
641 4982 1050 5051 Παλαιστινοὺς,
1084 4988 1401 5054 Μωαϐίτας,
1431 4990 1791 5062 ’Λμμανίτας,

222 5070 639 5140 Δαμασκηνοὺς,
659 5074 752 5125 καὶ
780 5074 847 5127 τὰ
876 5073 1009 5129 ἄλλα
1041 5076 1218 5130 πάντα
1248 5079 1393 5149 ἔθνη.
1431 5101 1450 5134 ι
1488 5083 1596 5135 Καὶ
1624 5084 1794 5150 ἑξολοι

295 5257 324 5287 α
356 5246 513 5302 Rom.
555 5264 640 5313 Ix,
675 5248 762 5303 27.
840 5250 867 5290 ιι
911 5251 1065 5306 Rom.
1102 5268 1153 5305 XI
1181 5295 1196 5319 ,
1230 5255 1280 5309 5.
1361 5268 1380 5296 ε
1420 5257 1578 5314 Joan.
1616 5264 1804 5328 H521.

1904 3266 2183 3337 disperdet
2209 3281 2401 3321 omnes
2430 3266 2563 3320 deos
2593 3264 2834 3336 gentium
2863 3273 3042 3328 terrae,
3096 3271 3150 3317 et
3172 3256 3490 3315 adorabunt

1903 3374 2029 3412 cum
2063 3358 2262 3429 singuli
2293 3358 2360 3413 de
2399 3357 2517 3412 loco
2551 3372 2672 3420 suo,
2714 3371 2909 3411 omnes
2943 3356 3134 3411 insula:
3175 3353 3469 3424 gentium.»

1904 3450 2030 3503 Haec
2057 3451 2221 3503 etiam
2250 3447 2615 3516 impudentem
2640 3444 2951 3503 Judaeorum
2978 3445 3475 3500 contradictionem

1904 3538 2129 3591 minime
2178 3538 2494 3591 admittunt.
2557 3537 2692 3591 Nam
2729 3537 2774 3591 si
2819 3536 3027 3603 dicant,
3067 3546 3188 3605 post
3243 3533 3473 3587 reditum

1902 3626 2233 3698 eBabylone
2300 3629 2506 3683 multos
2569 3644 2635 3683 ex
2707 3628 3010 3697 gentibus,
3071 3625 3239 3695 quiin
3306 3623 3474 3679 Deum

1901 3718 2267 3786 crediderant,
2303 3720 2357 3774 in
2398 3720 2597 3790 templo
2662 3718 3155 3790 Hierosolymitano
3210 3717 3477 3770 debitum'

1900 3810 2105 3865 cultum
2137 3812 2481 3881 praestitisse,
2532 3810 2801 3865 mendacii
2850 3818 3035 3880 aperte
3061 3808 3475 3863 convincentur.

1900 3897 2253 3969 Prophetieus
2281 3901 2426 3956 enim
2475 3915 2653 3956 sermo
2710 3899 2887 3954 dicit:
2928 3917 2948 3951 ι
3005 3897 3320 3953 Adorabunt
3354 3910 3478 3951 eum

1898 3988 2095 4059 singuli
2127 3988 2194 4044 de
2215 3989 2331 4044 loco
2359 4004 2477 4045 suo.
2518 4009 2534 4042 ι
2570 3989 2680 4044 11οο
2702 4003 2831 4044 vero
2852 4003 2959 4043 non
2983 3988 3138 4058 juxta
3163 3988 3355 4058 legem,
3385 3986 3478 4040 sed

1892 4080 2046 4148 juxta
2076 4085 2444 4150 erangclicam
2472 4082 2776 4138 doctrinam
2810 4080 3009 4134 factum
3061 4088 3141 4133 est
3170 4097 3184 4143 ;
3222 4092 3344 4131 nam
3393 4076 3479 4128 lex

1897 4173 2112 4240 quidem
2132 4189 2319 4228 omnes
2350 4173 2402 4226 in
2434 4188 2599 4226 unum
2639 4172 2771 4226 illud
2803 4172 3059 4238 templum
3107 4164 3478 4235 congregavit.

1897 4263 2156 4317 Dominus
2174 4275 2351 4318 autem
2383 4266 2435 4317 in
2462 4262 2769 4332 Evangeliis
2787 4261 2852 4315 ad
2884 4260 3278 4315 Samaritanam
3303 4256 3475 4317 dixit;

1899 4372 1917 4404 ι
1949 4352 2107 4417 Vere,
2131 4370 2254 4408 vere
2278 4356 2373 4407 tibi
2403 4355 2544 4416 dico,
2569 4354 2783 4416 mulier,
2812 4350 2990 4405 veniet
3016 4350 3145 4402 hora
3167 4363 3272 4417 qua
3301 4361 3477 4415 neque

1894 4446 1948 4500 in
1980 4445 2385 4516 Hierosolymis,
2412 4460 2585 4514 neque
2646 4444 2699 4497 in
2758 4443 2876 4496 loco
2908 4442 3030 4501 hoc,
3061 4440 3154 4495 sed
3185 4441 3238 4493 in
3282 4438 3476 4507 quovis

1829 4516 2025 4590 Dloco
2086 4536 2390 4590 adorabunt
2456 4534 2739 4589 Patrem“.
2785 4551 2803 4583 ι
2854 4532 2968 4586 Hoc
3025 4531 3188 4585 etiam
3259 4528 3477 4581 divinus

1908 4626 2215 4697 Snphoulas
2275 4632 2460 4695 aperte
2512 4624 2707 4678 dicit:
2771 4640 2789 4674 ι
2853 4620 3148 4690 Apparebit
3214 4617 3477 4672 Dominus

1902 4733 2070 4788 super
2122 4733 2250 4778 eos;
2290 4733 2307 4767 ›
2348 4717 2449 4769 hoc
2488 4723 2591 4779 est,
2637 4712 2848 4783 1572
2903 4710 3191 4780 praedictos
3250 4721 3472 4771 omnes,

1898 4811 2212 4882 Allopltylos
2240 4849 2254 4873 ,
2320 4808 2637 4863 Palaestinos
2663 4846 2677 4868 .
2738 4805 3031 4872 Moabitas,
3087 4801 3426 4858 Ammonitas
3454 4835 3474 4863 ,

1901 4900 2300 4964 Damasceuos,
2371 4908 2703 4968 eaetcrasque
2785 4911 2975 4952 omnes
3055 4901 3265 4966 gentes.
3334 4909 3352 4943 ι
3412 4890 3474 4943 Et

1900 4995 2175 5065 disperdet
2196 5008 2384 5048 omnes
2415 4994 2544 5048 deos
2589 4992 2827 5063 gentium
2879 5000 3058 5049 terrm,
3092 4996 3145 5042 et
3175 4985 3479 5039 adorabunt

1899 5104 2022 5143 eum
2070 5089 2271 5160 singuli
2302 5089 2369 5144 de
2420 5089 2538 5142 loco
2583 5085 3127 5155 suo,omnesinsulte
3152 5083 3414 5155 gentium.
3452 5100 3472 5132 ι

1529 5432 1755 5487 νΑΒυΕ
1799 5431 2200 5491 LECTIONES.

301 5585 348 5618 θ’
377 5582 826 5656 ἀνήνθηιιηγοιιιη
881 5584 920 5640 C
944 5585 1195 5656 legimus.
1219 5584 1385 5656 Sirm.
1422 5586 1754 5656 ἀνήχθησαν.

219 5655 270 5725 ’ξ
306 5657 343 5707 A
374 5654 641 5725 ἐπιφανὴς
674 5655 845 5708 ἔσται.

223 5721 559 5788 εριιτιιείιιιη.
591 5721 609 5794 γ’
632 5726 674 5756 ⁸⁷
704 5728 801 5794 τῆς
826 5755 893 5765 --
922 5724 1107 5778 ἐθνῶν.
1162 5724 1282 5779 Des.
1324 5726 1374 5776 in
1416 5725 1476 5779 Ο.

222 5804 339 5850 και.
421 5797 436 5825 ¹
478 5793 666 5863 Ἀμὴν,
710 5793 764 5848 7..
794 5812 844 5848 τ.
876 5794 923 5847 λ.
958 5796 1126 5849 Aliter
1158 5795 1193 5846 l.
1223 5809 1270 5848 c.
1310 5793 1520 5864 legitur.

1854 5592 1899 5661 ‘13
1934 5589 2077 5661 Edil.
2115 5590 2264 5661 prior
2296 5589 2421 5644 hab.
2465 5593 2878 5661 προσαγορεύει.

943 5656 987 5727 ⁹ᾼ⁶
1012 5673 1061 5727 τ’.
1090 5654 1202 5727 ἐθν.
1261 5654 1384 5727 Des.
1431 5654 1679 5727 inii-ast.
1720 5657 1785 5710 IV
1847 5658 1937 5716 (Ir.
1979 5660 2084 5727 ΑΙῙ.
2117 5654 2313 5713 Όιιναι.
2352 5654 2519 5715 scrin:
2554 5662 2636 5713 10.
2656 5654 2857 5714 ’ίεζὲίειιιι
2902 5667 3081 5711 autem
3117 5659 3169 5711 in
3201 5654 3368 5726 Epist.
3398 5654 3469 5711 ἀιι

1554 5726 1598 5757 ⁸⁸
1630 5730 1670 5780 Δ
1704 5726 2090 5798 προσκυνήσει.
2160 5730 2205 5761 ⁸³
2232 5730 2423 5784 πᾶσαι.
2454 5728 2715 5792 |nfra,(.'r.
2750 5730 2854 5796 ΑΙῙ.
2888 5727 3075 5782 Curat.
3115 5729 3149 5782 Ι.
3187 5743 3236 5782 c.
3275 5743 3458 5797 prtum.

2974 5588 3020 5629 ⁸⁵
3049 5588 3086 5642 C
3117 5587 3465 5661 λελειμμένῃ,
