3956 6202
501 344 605 407 355

1483 340 1968 403 TIIEODORETI
2003 339 2339 398 EPISCOPI
2364 337 2730 398 CYRENSlS

3576 320 3703 386 1856

468 451 612 519 piam
662 462 839 519 rcges,
882 453 941 500 ut
988 444 1263 502 effundam
1296 459 1459 515 super
1504 460 1599 499 eos
1650 445 1889 499 furorem
1942 445 2029 496 ira:

2142 441 2401 509 βασιλεῖς,
2432 439 2524 493 τοῦ
2558 439 2745 508 ἐκχέαι
2776 436 2861 490 ἐπ’
2890 436 3083 500 αὐτοὺς
3110 433 3210 505 τὴν
3242 434 3286 465 ⁸⁷
3317 431 3492 502 ὀργὴν
3538 425 3701 498 θυμοῦ
3734 479 3738 483 .

468 557 621 606 mem,
652 543 779 610 quia
804 541 925 611 igne
954 540 1054 594 zeli
1085 541 1189 595 mei
1220 547 1575 594 consumetur
1596 539 1777 592 onmis
1805 546 1973 591 terra.
2005 556 2023 586 ι

467 631 542 685 Ne
564 632 869 696 existimes,
893 631 1088 701 inquit,
1125 646 1211 685 me
1238 646 1346 685 non
1380 646 1575 685 curare
1607 646 1694 685 res
1722 630 1990 682 humanas
2015 643 2027 679 :

464 721 599 790 quin
639 731 917 791 exspecta.
953 728 1007 775 et
1048 722 1259 776 videbis
1295 737 1380 775 me
1426 735 1740 790 exsurgere,
1789 727 1843 773 et
1885 717 2033 786 justo

459 811 729 879 judicare,
753 821 806 866 et
840 811 1026 882 iniqua
1067 828 1231 882 regna
1264 813 1463 873 delere,
1498 820 1551 865 et
1592 812 1710 864 zelo
1740 823 1879 874 meo,
1913 817 2036 862 tan-

464 918 627 969 quam
660 904 784 970 igne
813 904 1072 973 quodam,
1105 919 1323 959 omnem
1369 905 1559 956 orbem
1596 910 1758 955 terra:
1790 904 2030 972 expiare.

463 991 643 1058 Atque
697 990 800 1045 hoc
848 992 1088 1062 apertius
1140 993 1509 1063 interpretans
1561 992 1801 1047 addidit:

534 1161 701 1218 Vsus.
733 1165 787 1219 9.
842 1185 861 1218 ι
886 1165 1025 1231 Quia
1060 1175 1192 1221 tunc
1233 1177 1550 1223 convertam
1590 1186 1757 1239 super
1797 1172 2030 1241 populos

466 1253 705 1323 linguam
747 1255 800 1309 in
842 1258 1219 1326 generationes
1256 1260 1396 1328 ejus,
1443 1272 1498 1314 ut
1539 1261 1797 1316 invocent
1844 1278 2036 1321 omnes

466 1359 662 1398 nomen
695 1343 930 1409 Domini,
971 1355 1027 1399 ut
1076 1348 1313 1401 serviant
1331 1350 1377 1401 ei
1404 1349 1657 1420 snbjugo
1705 1367 1834 1405 uno.
1864 1370 1880 1401 ι
1924 1351 2034 1407 lloc

462 1436 665 1490 clarius
718 1437 935 1506 Aquila.
981 1437 1284 1493 Theodotio
1321 1439 1535 1510 1576
1574 1450 1629 1495 et
1675 1442 2035 1514 Symmachus

462 1535 773 1581 verterunt.
831 1529 1023 1598 Aquila
1084 1531 1224 1584 enim
1289 1541 1342 1585 et
1408 1531 1714 1586 Theodotio
1760 1543 1967 1604 ponunt
2019 1555 2032 1591 :

467 1634 487 1666 c
517 1614 669 1671 Tunc
702 1627 906 1673 vertam
933 1620 996 1674 ad
1018 1636 1209 1676 omnes
1232 1622 1459 1692 populos
1487 1623 1687 1677 labium
1716 1624 1982 1692 electum;
2013 1645 2032 1680 ο

463 1706 825 1777 Symmachus
884 1728 1059 1766 vero:
1108 1731 1126 1765 ι
1157 1713 1311 1768 Tunc
1341 1727 1651 1771 convertam
1709 1717 1761 1771 in
1804 1720 2035 1788 populos

463 1796 665 1851 labium
702 1800 998 1868 mundum;
1039 1821 1056 1853 ι
1081 1804 1330 1857 mundum
1356 1821 1482 1859 vero
1507 1805 1707 1860 labium
1739 1817 1843 1870 est,
1889 1810 2032 1878 quod

465 1890 709 1943 nominat
743 1890 928 1957 Demn,
952 1908 1059 1946 non
1087 1893 1239 1948 deos.
1275 1894 1426 1948 Talia
1460 1897 1707 1965 qumdam
1746 1898 1908 1952 etiam
1940 1914 2036 1968 per

461 1977 657 2030 lsaiam
701 1978 839 2032 dixit
889 1980 1033 2034 Deus
1081 2000 1094 2036 :
1134 1982 1398 2053 «Lingum
1448 1986 1863 2041 balbutientium
1924 1990 2034 2043 cito

462 2065 675 2122 discent
721 2069 867 2139 loqui
919 2086 1104 2140 pacem
1135 2073 1182 2125 ά.
1213 2093 1231 2125 ι
1284 2073 1525 2145 ltennpie
1550 2097 1563 2131 :
1590 2096 1607 2128 ε
1638 2079 1900 2148 Expedita
1933 2083 2036 2135 erit

462 2155 646 2226 lingua
676 2159 959 2215 balborum
985 2175 1030 2216 θ.
1073 2183 1090 2215 ι
1126 2162 1250 2220 Illas
1283 2167 1469 2237 itaque
1508 2170 1723 2240 linguas
1751 2172 1816 2225 ad
1852 2174 2035 2228 multi-

468 2246 707 2301 tudinem
725 2250 947 2306 deorum
967 2255 1209 2310 eruditas
1234 2268 1539 2325 convertet,
1560 2262 1854 2318 ‘etelcctas
1877 2280 2033 2317 mun-

461 2335 671 2406 tlasque
695 2337 857 2394 faciet
900 2360 913 2395 :
953 2343 1025 2397 ita
1058 2353 1116 2398 ut
1146 2365 1164 2398 ι
1191 2363 1381 2404 omnes
1414 2351 1667 2407 invocent
1702 2370 1897 2408 nomen
1931 2355 2035 2407 Dn-

466 2427 620 2516 niini,
659 2439 711 2483 et
743 2433 985 2487 serviant
1014 2436 1062 2490 ei
1095 2453 1285 2495 omnes
1314 2450 1503 2511 gentes
1536 2445 1636 2499 sub
1659 2445 1791 2516 jngo
1841 2462 1971 2502 uno.
2010 2467 2028 2499 ι

462 2514 607 2582 Quin
647 2521 809 2574 etiam
854 2531 928 2591 et,

534 2689 699 2748 Vens.
734 2694 821 2751 10.
859 2716 877 2750 ι
911 2698 987 2755 De
1021 2699 1221 2759 ﬁnibus
1264 2704 1548 2763 ﬂuuiinum
1577 2710 1871 2781 Etliiopite
1917 2730 2036 2769 sus-

460 2780 659 2873 cipiam
691 2789 1060 2856 supplicantes
1110 2796 1286 2850 mihi:
1332 2797 1423 2851 ﬁlii
1484 2780 1853 2869 dispersorum
1903 2804 2033 2860 alle-

465 2880 586 2925 rent
610 2877 858 2934 victimas
892 2883 1041 2939 mihi.
1073 2903 1089 2934 ι
1117 2885 1218 2951 Qui
1248 2888 1392 2942 enim
1423 2891 1627 2945 ultimis
1660 2895 1714 2946 in
1746 2896 1906 2949 terris
1934 2896 2032 2949 ba-

467 2960 666 3031 bitant,
702 2978 923 3039 accepta
957 2988 1266 3042 praeconum
1298 2993 1327 3032 a
1353 2994 1439 3033 me
1465 2981 1837 3050 dispersorum
1861 2986 2032 3041 disci-

467 3052 633 3120 plina,
681 3055 858 3150 laudis
908 3062 1240 3117 sacrificium
1282 3065 1414 3120 milii
1460 3067 1709 3124 oﬂ'erenl.
1741 3069 1832 3124 Sic
1885 3075 2028 3126 enim
2058 3094 2104 3150 ο

464 3144 628 3196 etiam
679 3143 1041 3217 Symmachus
1087 3154 1475 3223 interpretatus
1525 3166 1648 3213 est:
1698 3160 1779 3213 «Α
1833 3162 2031 3218 finibus

463 3232 752 3291 fluviorum
781 3238 1077 3313 Etliiopiaa
1099 3248 1470 3316 supplicantes
1501 3251 1630 3304 mihi
1682 3251 1775 3305 lilii
1822 3253 2034 3323 disper-

462 3341 647 3382 sorum
688 3345 715 3383 a
747 3347 833 3385 me
859 3333 1105 3390 deferent
1135 3353 1338 3394 munus
1369 3341 1520 3395 mihi.
1547 3361 1565 3393 ι
1605 3342 1724 3398 Filii
1758 3348 2028 3413 procreati

461 3432 493 3470 a
534 3422 876 3487 praaconibus
909 3425 1149 3495 pietatis,
1181 3445 1319 3499 quos
1372 3432 1424 3486 in
1463 3447 1652 3490 omnes
1691 3447 1880 3507 gentes
1917 3439 2032 3493 dis-

460 3510 629 3579 persi,
655 3514 960 3583 spiritualia
992 3520 1123 3575 mihi
1153 3520 1381 3579 offerent
1409 3524 1574 3582 dona.

534 3684 697 3743 Vsus.
756 3693 842 3746 ll.
878 3713 897 3745 ι
942 3693 1035 3750 Die
1076 3698 1167 3751 illo
1219 3715 1325 3753 non
1376 3700 1729 3758 confunderis
1775 3705 2029 3760 omnibus

459 3778 659 3834 studiis
690 3782 1217 3859 Iuis,quibusimpie
1233 3792 1593 3860 egisticontra
1616 3809 1718 3858 me,
1742 3796 1867 3863 quia
1901 3806 2029 3850 tunc

460 3866 706 3922 auferam
737 3887 768 3924 a
797 3881 848 3927 te
887 3876 1252 3935 detractiones
1305 3885 1646 3938 contumeliae
1677 3892 1802 3952 tum,
1831 3895 1885 3939 et
1919 3902 2024 3940 non

462 3961 695 4028 amplius
725 3964 1048 4033 gloriaberis
1071 3984 1235 4038 super
1259 3983 1494 4026 montem
1519 3982 1767 4028 sanctum
1788 3988 1985 4032 meum.
2001 3997 2020 4030 ι

458 4051 596 4105 Cum
648 4054 759 4109 haec
805 4056 929 4111 fient
964 4070 1017 4114 et
1061 4068 1248 4130 gentes
1305 4064 1481 4117 salute
1521 4063 1892 4132 perfruentur,
1930 4083 2026 4123 vos

467 4144 682 4214 1577
716 4147 904 4210 etiam,
963 4152 1053 4218 qui
1108 4151 1346 4207 incolitis
1384 4152 1841 4225 Hierosolymam,
1880 4159 2028 4213 salu.

460 4240 569 4285 tem
604 4251 724 4305 quae
746 4252 839 4306 per
865 4238 1020 4292 fidem
1051 4249 1133 4294 est
1158 4240 1545 4308 suscipientes,
1576 4258 1606 4295 a
1633 4244 1803 4314 priori
1834 4247 2026 4317 impie—

458 4329 572 4377 tate
605 4324 923 4392 tliscedetis,
964 4344 1141 4397 neque
1173 4331 1409 4399 amplius
1442 4347 1558 4386 mea
1604 4348 1870 4406 praecepta
1892 4353 2025 4393 con-

2137 547 2262 598 μου,
2285 530 2419 582 διότι
2444 532 2501 583 ἐν
2532 531 2664 598 πυρὶ¹
2687 529 2851 599 ζήλου
2884 543 2988 597 μου
3017 522 3539 595 καταναλωθήσεται
3563 521 3701 573 uisa

2136 622 2167 689 ἡ
2197 619 2292 689 γῆ.
2324 639 2341 670 ι
2377 620 2467 690 Μὴ
2497 620 2722 690 νομίσῃς
2771 635 2859 689 με,
2891 619 3076 687 φησὶν,
3108 615 3330 686 ἀμελεῖν
3364 613 3476 667 τῶν
3500 612 3681 684 ἀνθρω

2135 711 2305 763 πείων
2366 711 2746 780 πραγμάτων,
2789 709 2903 762 ἀλλ’
2959 708 3254 776 ἀνάμεινον
3279 746 3293 768 ,
3325 705 3422 758 καὶ
3476 704 3601 771 ἅψει
3646 719 3704 773 με

2133 799 2538 870 διανιστάμενον
2565 842 2577 861 .
2612 801 2710 854 καὶ
2763 800 3016 870 κρίνοντα
3062 798 3305 859 δικαίως,
3346 796 3442 849 καὶ
3469 796 3573 857 τὰς
3602 785 3732 845 ἀδίέ

2134 906 2265 952 κους
2316 889 2654 942 καταλύοντα
2703 887 3002 958 βασιλείας,
3041 886 3135 939 καὶ
3164 880 3275 937 οἷόν
3326 900 3434 936 τινι
3472 881 3613 950 πυρὶ
3640 878 3708 948 τῷ

2136 981 2283 1052 ζήλῳ
2313 997 2414 1051 μου
2457 982 2635 1034 πᾶσαν
2663 979 3059 1048 ἐκκαθαίροντα
3090 978 3191 1049 τὴν
3228 975 3587 1045 οἰκουμένην.
3610 973 3710 1027 Καὶ

2134 1073 2292 1126 τοῦτο
2337 1073 2668 1142 σαφέστερον
2711 1072 3050 1141 ἑρμηνεύων,
3082 1072 3392 1139 ἐπήγαγεν·

2204 1165 2269 1219 θ’.
2307 1183 2325 1215 c
2359 1165 2546 1217 "Ott"
2576 1165 2697 1216 τότε
2748 1162 3109 1234 μεταστρέψω
3143 1161 3236 1214 ἐπὶ
3264 1158 3431 1219 λαοὺς
3465 1154 3711 1224 γλῶσσαν

2136 1260 2214 1321 είς
2252 1257 2446 1324 γενεὰς
2483 1256 2664 1309 αὐτῶν
2703 1257 2767 1315 ’⁵,
2798 1254 2891 1307 τοῦ
2943 1251 3322 1306 ἐπικαλεῖσθαι
3354 1251 3567 1313 πάντας
3586 1250 3630 1280 ³⁸
3658 1247 3713 1300 τδ

2135 1348 2304 1417 ὄνομα
2334 1347 2562 1417 Κυρίου,
2581 1346 2733 1400 τοῦ³¹
2766 1344 3036 1398 δουλεύειν
3053 1344 3200 1414 αὐτῷ
3234 1344 3338 1407 ὑπὸ
3366 1343 3537 1410 ζυγὸν
3569 1343 3708 1395 ἕνα.»

2137 1439 2310 1492 Τοῦτο
2342 1439 2681 1508 σαφέστερον
2704 1436 2955 1498 Ἀκύλας,
2984 1435 3082 1489 καὶ
3106 1435 3425 1499 Θεοδοτίων,
3450 1434 3549 1487 καὶ
3577 1433 3714 1501 Σύμ-

2142 1547 2312 1601 μαχος
2354 1529 2792 1600 ἡρμηνεύκασιν.
2831 1528 2892 1579 '0
2929 1526 3027 1595 μὲν
3054 1524 3163 1592 γὰρ
3202 1523 3441 1586 ’Δκύλας
3471 1523 3571 1575 καὶ
3596 1522 3716 1575 Θεο-

2136 1620 2329 1674 δοτίων
2358 1620 2491 1689 φασί
2510 1635 2524 1649 ο
2553 1638 2571 1671 ι
2603 1620 2736 1672 Τότε
2761 1617 2977 1689 στρέψω
2997 1616 3133 1686 πρὸς
3155 1616 3366 1677 πάντας
3396 1615 3528 1676 τοὺς
3557 1613 3715 1676 λαοὺς

2138 1712 2314 1781 χεῖλος
2346 1709 2726 1778 ἐξειλεγμένον
2745 1725 2758 1739 ·
2792 1726 2810 1761 ι
2833 1710 2861 1761 ὁ
2889 1708 2944 1760 δὲ
2988 1706 3282 1775 Σύμμαχος
3304 1723 3318 1737 ·
3341 1725 3360 1756 ‹
3382 1705 3523 1757 Τότε
3556 1721 3715 1772 μετα-

2138 1802 2351 1870 στρέψω
2388 1803 2446 1854 ἐν
2471 1804 2587 1863 τοῖς
2615 1800 2765 1863 λαοῖς
2794 1798 2970 1869 χεῖλος
3021 1796 3291 1866 καθαρόν·
3320 1815 3339 1847 ι
3374 1794 3713 1862 καθαρὸνδὲ

2135 1892 2357 1961 χεῖλος,
2383 1891 2445 1944 τὺ
2479 1891 2552 1960 μὴ
2585 1889 2761 1953 θεοὺς,
2792 1889 2928 1942 ἀλλὰ
2975 1888 3109 1941 Θεὸν
3153 1886 3443 1957 ὀνομάζον.
3479 1886 3714 1939 Τοιαῦτα

2135 1983 2229 2036 καὶ
2260 1982 2347 2035 διὰ
2385 1982 2610 2033 Ἡσαΐου
2661 1981 2882 2050 εἴρηκεν
2929 1981 2956 2033 ὁ
2989 1979 3122 2043 Θεός
3148 1996 3162 2010 ο
3204 1997 3223 2030 ι
3263 1981 3331 2032 Δί
3384 1978 3633 2047 γλῶσσαι
3660 1980 3711 2031 αί

2133 2072 2473 2142 ψελλίζουσαι
2502 2071 2834 2142 μαθήσονται
2862 2070 3041 2124 λαλεῖν
3063 2071 3308 2141 εἰρήνην.
3340 2089 3358 2121 ι
3382 2070 3497 2123 Καὶ
3520 2069 3679 2122 πάλιν
3695 2085 3706 2098 ·

2140 2182 2158 2212 ι
2190 2160 2371 2231 Τρανὴ
2415 2161 2565 2214 ἔσται
2608 2161 2828 2228 γλῶσσα
2879 2160 3205 2229 μογιλάλων.
3240 2178 3260 2211 ι
3310 2160 3427 2221 Τὰς
3465 2158 3711 2226 γλώσσας

2135 2252 2310 2305 τοίνυν
2328 2252 2561 2314 ἐκείνας,
2579 2251 2676 2314 τὰς
2688 2251 2788 2321 τὴν
2812 2250 3111 2304 πολυθεῖαν
3129 2250 3596 2319 πεπαιδευμένας.
3619 2265 3709 2319 με·

2133 2340 2445 2409 ταστρέψει,
2479 2340 2571 2392 καὶ
2600 2339 2863 2402 ἐκλεκτὰς
2890 2340 3130 2409 ποιήσει,
3150 2338 3245 2392 καὶ
3268 2337 3525 2408 καθαράς
3542 2355 3555 2367 ’
3577 2337 3708 2390 ὥστε

2142 2448 2159 2479 ι
2192 2428 2404 2491 Πάντας
2460 2427 2833 2481 ἐπικαλεῖσθαι
2879 2426 2940 2479 τὸ
2969 2427 3142 2495 ὄνομα
3184 2425 3417 2498 Κυρίου.
3459 2426 3557 2479 καὶ
3601 2427 3708 2478 δου-

2135 2519 2309 2572 λεύειν
2338 2519 2486 2588 αύτῷ
2520 2520 2736 2573 ἅπαντα
2774 2518 2843 2571 τὰ
2877 2516 3006 2588 ἔθνη
3056 2517 3163 2570 ὑπὸ
3202 2516 3367 2585 ζυγὸν
3394 2519 3515 2572 ἕνα.
3560 2536 3579 2568 ι
3609 2516 3708 2569 Καὶ

2138 2611 2321 2681 μέντοι
2350 2610 2590 2673 καὶτοὺς
2878 2656 2888 2661 -
3670 2666 3675 2669 ,

2194 2709 2243 2754 ι’.
2263 2703 2388 2754 (Ex
2415 2701 2659 2770 περάτων
2680 2701 2941 2772 ποταμῶν
2956 2700 3238 2765 Αἰθιοπίας
3265 2700 3705 2771 προσδέξομαι³’ν

2132 2792 2318 2854 τοὺς³³
2369 2791 2709 2854 ἱκετεύοντας
2760 2808 2859 2862 με’
2896 2793 3001 2845 υἱοὶ
3025 2794 3072 2825 ³⁵
3126 2791 3233 2846 τῶν
3290 2793 3707 2864 διεσπαρμένων

2133 2883 2337 2933 οἴσουσι
2369 2881 2558 2950 θυσίας
2589 2899 2696 2950 μοι.
2730 2901 2747 2931 ι
2778 2884 2841 2935 υἱ
2867 2881 2974 2953 γὰρ
3001 2881 3101 2945 τὰς
3134 2882 3395 2951 ἐσχατιὰς
3415 2883 3704 2946 οἰκοῦντες,

2131 2970 2240 3022 τῶν
2291 2970 2698 3040 διασπαρέντων
2727 2971 2819 3023 ὑπ’
2852 2971 2987 3041 ἐμοῦ
3033 2972 3294 3042 κηρύκων
3322 2971 3423 3043 τὴν
3448 2972 3705 3035 ,διδασκα-

2133 3060 2251 3113 λίαν
2288 3059 2590 3129 δεξάμενοι,
2620 3061 2716 3131 τὴν
2760 3061 2863 3127 τῆς
2892 3060 3148 3124 αἰνέσεώς
3181 3078 3272 3131 μοι
3325 3061 3525 3116 θυσίαν
3556 3078 3707 3132 προσ-

2135 3151 2392 3204 οίσουσιν.
2446 3150 2604 3204 Οὕτω
2660 3151 2769 3220 γὰρ
2799 3152 2894 3205 καὶ
2947 3153 2977 3205 ὁ
3030 3152 3321 3222 Σύμμαχος
3360 3154 3703 3225 ἡρμήνευσε·

2135 3238 2383 3309 Πέραθεν
2433 3238 2695 3308 ποταμῶν
2742 3239 3027 3303 Αἰθιοπίας
3074 3241 3389 3294 ἱκετεύοντά
3421 3259 3494 3310 με
3551 3242 3704 3294 τέκνα

2129 3331 2238 3383 τῶν
2299 3329 2803 3400 διεσκορπισμένων
2856 3331 2947 3382 ὑπ’
3007 3330 3145 3399 ἐμοῦ
3207 3331 3482 3397 ἐνέγκωσι
3542 3332 3702 3402 δῶρον

2130 3419 2274 3489 ἐμοί.
2316 3439 2335 3472 ι
2371 3422 2431 3474 Οἱ
2490 3419 2660 3473 τέκνα
2715 3421 3001 3491 γενόμενοι
3028 3419 3135 3474 τῶν
3194 3420 3287 3473 ὑπ’
3320 3421 3462 3492 ἐμοῦ
3522 3421 3701 3475 σκεδα-

2131 3510 2366 3565 σθέντων
2394 3513 2473 3573 είς
2503 3510 2681 3564 πάντα
2709 3511 2778 3565 τὰ
2820 3510 2948 3580 ἔθνη
2976 3511 3074 3580 τῆς
3106 3510 3394 3575 εὐσεϐείας
3428 3512 3698 3582 κηρύκων,

2128 3602 2198 3655 τὰ
2226 3602 2573 3672 πνευματικά
2612 3617 2703 3668 μοι
2759 3601 2909 3672 δῶρα
2938 3601 3391 3673 προσκομιοῦσιν.
3418 3592 3421 3593 ν

2201 3702 2291 3749 ια’.
2319 3714 2337 3745 ι
2377 3694 2466 3747 Ἐν
2495 3696 2561 3764 τῇ
2593 3693 2774 3764 ἡμέρᾳ
2799 3694 2982 3764 ἐκείνῃ
3003 3695 3064 3747 οὐ
3104 3692 3177 3764 μὴ
3202 3695 3611 3765 καταισχυνθῇς
3640 3694 3700 3745 ὲκ

2130 3787 2346 3843 πάντων
2396 3786 2505 3840 τῶν
2535 3787 2982 3857 ἐπιτηδευμάτων
3032 3802 3124 3839 σου
3142 3787 3187 3817 ³³
3205 3826 3220 3849 ,
3247 3782 3322 3838 ὧν
3368 3786 3701 3855 ἡσέὅησπκ

2127 3881 2208 3941 είς
2240 3879 2361 3947 ἐμὲ,
2393 3879 2476 3932 ὅτι
2528 3879 2651 3932 τότε
2701 3877 2938 3950 περιελῶ
2966 3878 3076 3932 ἀπὸ
3107 3878 3200 3931 σοῦ
3236 3879 3305 3930 τὰ
3353 3879 3699 3948 φαυλίσματα

2127 3969 2226 4037 τῆς
2254 3967 2463 4040 ὕϐρεώς
2493 3985 2618 4034 σου,
2646 3970 2741 4023 καὶ
2766 3969 2953 4023 οὐκέτι
2980 3969 3041 4022 οὐ
3069 3969 3111 4000 ³⁷
3141 3969 3216 4039 μὴ
3269 3969 3521 4040 προσθῇς
3540 3971 3585 4001 ³⁸
3610 3967 3698 4022 τοῦ

2131 4063 2542 4133 μεγαλαυχῆσαι
2587 4064 2679 4117 ἐπὶ
2713 4064 2776 4117 τὸ
2807 4064 2933 4133 ὅρος
2964 4063 3026 4118 τὸ
3074 4063 3227 4132 ἅγιόν
3257 4081 3383 4132 μου.
3428 4084 3449 4116 ι
3491 4064 3699 4117 Τούτων

2125 4157 2481 4227 γιγνομένων,
2525 4157 2619 4210 καὶ
2650 4155 2761 4210 τῶν
2784 4156 2952 4210 ἐθνῶν
2970 4156 3073 4226 τῆς
3106 4157 3381 4226 σωτηρίας
3406 4156 3701 4210 ἀπολαυόνο

2091 4262 2256 4313 ’των,
2298 4249 2388 4301 καὶ
2421 4248 2576 4318 ὑμεῖς
2636 4249 2685 4300 oi
2724 4247 2826 4317 τὴν
2865 4247 3222 4318 Ἰερουσαλὴμ
3274 4247 3579 4312 οἰκοῦντες,
3609 4248 3700 4318 τὴν

2125 4336 2215 4390 διὰ
2248 4337 2479 4400 πίστεως
2516 4336 2797 4407 δεχόμενοι
2841 4336 3137 4406 σωτηρίαν,
3163 4336 3263 4403 τῆς
3299 4337 3402 4404 μὲν
3434 4337 3694 4407 προτέρας

460 4415 733 4477 temnetis,
787 4431 963 4485 neque
1013 4418 1085 4470 ob
1139 4430 1292 4473 vetus
1334 4424 1591 4491 templum
1630 4427 2021 4495 gloriabimini.

2137 4424 2574 4495 ὶπαλλαγήσεσθε
2596 4424 2937 4488 δυσσεϐείας,
2963 4423 3146 4477 οὐκέτι
3168 4422 3226 4475 δέ
3255 4426 3697 4495 καταφρονήσετε

458 4503 526 4555 Et
559 4503 684 4571 quia
736 4520 844 4559 non
874 4520 1064 4563 onmes
1101 4512 1467 4581 evangelicam
1503 4515 1808 4572 doctrinam
1875 4537 2028 4577 recc-

458 4595 602 4662 pturi
630 4603 808 4660 erant,
839 4595 939 4651 hoc
967 4613 1183 4669 quoque
1210 4601 1434 4660 disertis
1463 4607 1642 4662 verbis
1672 4611 1948 4678 praedicit:

525 4863 691 4920 Vens.
742 4865 830 4933 ιε,
886 4870 971 4924 1⁸5.
1031 4891 1050 4923 σ
1081 4871 1145 4925 Ει
1199 4875 1499 4946 relinquam
1552 4879 1604 4932 in
1649 4889 1699 4933 te
1762 4882 2021 4951 populum

455 4968 801 5014 mansuetum
838 4971 891 5017 et
947 4964 1202 5020 humilem
1246 4985 1261 5034 ;
1307 4976 1360 5022 et
1404 4970 1795 5025 reverebantur
1828 4988 2022 5026 nomen

461 5045 700 5109 Domini.
746 5052 838 5119 qui
876 5050 1081 5107 fuerint
1113 5056 1304 5125 reliqui
1337 5058 1404 5111 de
1449 5059 1760 5127 lsraele;et
1792 5076 1896 5113 non
1942 5061 2024 5114 fa-

459 5137 607 5192 cient
638 5140 1002 5208 iniquitatem,
1037 5148 1223 5199 etnon
1269 5146 1561 5216 loquentur
1610 5164 1772 5213 vana,
1817 5161 1871 5205 et
1917 5166 2025 5204 non

528 5251 554 5291 ά
596 5251 700 5308 lsa.
733 5271 924 5323 Iun,
966 5261 1020 5314 4.
1100 5273 1123 5301 ε
1164 5262 1269 5318 lsa.
1306 5280 1469 5330 xxxv,
1505 5265 1558 5318 6.

2130 4517 2240 4571 τῶν
2269 4516 2420 4586 ἐμῶν
2473 4515 2722 4581 ἐντολῶν,
2752 4516 2872 4569 οὐδὲ
2916 4515 3009 4568 ἐπὶ
3037 4514 3113 4585 τῷ
3145 4513 3363 4584 παλαιῷ
3408 4516 3518 4585 νεῷ
3568 4516 3699 4585 μέγα

2129 4609 2449 4679 φρονήσετε.
2489 4608 2597 4660 Καὶ
2636 4606 2824 4676 ἐπειδὴ
2858 4607 2918 4659 ού
2951 4606 3154 4668 πάντες
3185 4604 3417 4675 ἔμελλον
3446 4610 3516 4677 τῇ
3545 4609 3696 4672 552‘;-

2128 4701 2318 4770 γελικῇ
2358 4697 2639 4771 προσέξειν
2694 4697 3045 4769 διδασκαλία,
3079 4697 3174 4751 καὶ
3216 4695 3380 4750 τοῦτο
3408 4698 3694 4769 διαρρήδην

2129 4789 2384 4858 προλέγει
2404 4804 2418 4818 '

2201 4880 2287 4950 ιβ’,
2315 4877 2403 4948 ιγ’.
2436 4899 2454 4930 ι
2491 4879 2601 4933 Καὶ
2662 4878 3010 4948 ὑπολήψομαι
3061 4879 3119 4930 ἐν
3146 4876 3230 4929 σοὶ
3270 4875 3401 4928 λαὸν
3435 4878 3609 4945 πρᾶον
3633 4875 3690 4934 ⁸⁸,

2124 4972 2215 5024 καὶ
2237 4970 2511 5036 ταπεινὸν,
2544 4971 2639 5024 καὶ
2659 4969 3122 5040 εὐλαϐηθήσονται
3157 4968 3267 5020 ἀπὺ
3309 4966 3405 5021 τοῦ
3438 4969 3695 5037 ὀνόματος

2121 5062 2324 5133 Κυρίου
2350 5062 2401 5114 οἱ
2432 5061 2752 5114 κατάλοιποι
2779 5060 2874 5114 τοῦ
2922 5061 3161 5130 Ἰσραὴλ,
3197 5057 3292 5111 καὶ
3347 5059 3411 5111 οὗ
3442 5060 3691 5126 ποιήσουο

2125 5168 2209 5205 σιν
2240 5151 2475 5216 ἀδικίαν,
2512 5151 2607 5204 καὶ
2636 5152 2697 5203 οὐ
2751 5150 3048 5220 λαλήσουσι
3099 5147 3328 5219 μάταια,
3389 5149 3489 5200 καὶ
3529 5149 3591 5201 οὗ
3622 5156 3696 5217 μὴ

1751 5352 1983 5410 νΑΒΙΑΞ
2032 5354 2435 5410 LECTIONES.

519 5439 562 5469 ’⁷
586 5439 705 5507 τήν.
740 5451 782 5490 Λ
812 5442 1010 5498 πᾶσαν.

460 5506 819 5581 θιοηῑΙΪί-Ιρςζ.
857 5510 999 5563 Infra
1040 5522 1239 5573 autem,
1271 5510 1363 5564 Gr.
1414 5514 1521 5581 ΑῙῙ.

459 5576 573 5648 ἕνα.
613 5578 779 5630 Aliter
812 5580 912 5647 leg.
948 5589 1067 5647 post
1096 5598 1287 5648 pauca.

456 5712 502 5741 ³⁶
541 5713 583 5764 Δ
632 5714 920 5784 ἠσέϐησαν.
994 5720 1036 5750 ³⁷
1077 5712 1316 5776 οὐλὴ-5.
1352 5712 1407 5773 in
1435 5723 1497 5774 Λ.

1577 5724 1619 5752 ³⁸
1637 5723 1679 5775 Α
1713 5724 1970 5796 πρόσχῃς.

1121 5443 1166 5475 ⁸⁸
1196 5444 1336 5515 Ὅτι.
1370 5443 1685 5515 Des.infra,
1730 5443 1822 5498 Gr.
1861 5446 1973 5514 ΑΠ’.
2008 5446 2194 5501 Curat.
2248 5460 2411 5515 serm.
2446 5442 2532 5497 10.
2561 5513 2570 5515 _
2610 5444 2656 5476 ’³
2684 5446 2721 5496 Α
2755 5444 2947 5512 γενεὰν
2983 5445 3172 5512 αὐτῆς.
3199 5445 3279 5499 lla
3309 5460 3526 5515 quoquc
3553 5457 3701 5515 apud

1592 5515 1778 5568 (furat.
1812 5516 1845 5568 l.
1873 5532 1924 5569 ('.
1958 5527 2059 5575 est,
2093 5532 2206 5583 γεν.
2241 5514 2443 5583 αὐτοῖς.
2556 5514 2600 5546 ³ο
2628 5516 2852 5577 πάντας.
2888 5515 3011 5568 Des.
3046 5516 3187 5569 infra
3229 5518 3263 5569 l.
3291 5532 3343 5568 c.
3434 5517 3479 5547 ³¹
3504 5514 3588 5565 toi

1379 5583 1422 5613 ³¹
1459 5585 1645 5654 προσδ.
1679 5616 1747 5625 -
1776 5585 1951 5637 διεσπ.
2004 5582 2124 5639 Des.
2169 5583 2310 5636 infra
2348 5582 2571 5649 (.‘r.A[f.
2601 5583 2785 5637 Curat.
2828 5586 2864 5636 l.
2907 5602 2958 5638 (τ.

457 5643 892 5720 διεσπτρμξνοιςξ
932 5643 1135 5703 omisso
1166 5668 1286 5720 μου,
1329 5653 1473 5715 quod
1503 5643 1684 5720 "juxta
1722 5670 1828 5706 rec.
1884 5657 2005 5707 lect.
2045 5655 2278 5708 additur.

2556 5513 2600 5546 ³ο
2628 5516 2852 5577 πάντας.
2888 5515 3011 5568 Des.
3046 5516 3187 5569 infra
3229 5518 3263 5569 l.
3291 5513 3343 5568 ε.
3434 5513 3479 5547 ³¹
3504 5514 3598 5565 τοῖο
3624 5543 3709 5555 --

3045 5585 3090 5616 ³³
3111 5586 3235 5646 τοὺς
3267 5615 3335 5623 —-
3356 5585 3532 5636 δεεσπ.
3568 5588 3605 5634 Λ
3639 5583 3711 5632 ἐν

2382 5653 2566 5707 "uici.
2631 5655 2752 5708 Des.
2825 5654 2964 5707 inC.
3069 5655 3112 5686 ³³⁵
3155 5671 3267 5707 σου.
3340 5655 3458 5709 Des.
3520 5653 3577 5704 in
3622 5656 3707 5705 Α..

2051 5726 2093 5756 ³⁵
2124 5724 2166 5776 Α
2201 5721 2397 5792 πραῢν.
