3956 6202
287 266 418 330 1557

1473 269 1553 327 IN
1581 268 1976 330 SOPHONkE
2022 269 2178 330 CAP.
2221 267 2336 326 III.

3387 250 3528 320 1858

281 377 479 448 εὑρεθῇ
514 379 570 431 ἐν
601 380 678 446 τῷ
705 378 750 408 ⁸⁸
785 377 1010 446 στόματι
1043 375 1218 430 αὐτῶν
1241 375 1462 446 γλῶσσα
1499 377 1646 430 δολία
1669 395 1681 408 ·
1720 378 1854 431 διότι

1982 379 2272 430 nvcnietur
2313 374 2367 428 iu
2399 387 2494 428 ore
2526 385 2716 426 eorum
2769 369 2950 439 lingua
2995 367 3184 421 dolosa
3216 383 3226 418 :
3259 367 3526 436 quoniam

278 467 434 522 αὐτοὶ
491 465 850 536 νεμήσονται.
920 467 1016 520 καὶ
1077 467 1544 537 κοιτασθήσονται,
1599 469 1692 520 καὶ
1749 467 1848 520 ούκ

277 559 434 612 ἔσται
468 557 513 588 δ’
538 559 566 610 6
598 557 844 626 ἐκφοϐῶν
901 557 1118 622 αὐτούς.
1165 575 1182 609 ι
1211 559 1322 612 Καὶ
1371 557 1546 612 ταῦτα
1589 558 1680 610 τὸν
1714 559 1848 610 ἀπο-

280 648 528 703 στολικδν
547 650 684 718 ἡμῖν
719 647 904 716 σαφῶς
961 649 1119 718 χορὸν
1163 648 1561 714 ὑποδείκνυσιν,
1604 649 1662 702 δν
1698 651 1726 702 6
1753 653 1852 700 Δε-

281 740 490 810 σπότης
519 737 842 810 μακαρίζων
865 739 1039 808 ἔλεγε·
1081 759 1099 792 ι
1139 739 1417 811 Μακάριοι
1443 741 1494 792 οἱ
1525 741 1740 811 πραεῖς,
1766 741 1848 792 ὅτι

279 831 434 884 αὐτοὶ
454 829 918 902 κληρονομήσουσι
956 829 1055 900 τὴν
1082 832 1206 902 γῆν.
1259 848 1278 882 ι
1316 831 1428 884 Καὶ
1451 831 1610 883 πάλιν
1632 847 1646 860 ·
1681 847 1703 883 ι
1731 831 1852 884 Μά-

280 923 403 976 θετε
435 920 530 975 ἀπ’
567 919 722 991 ἐμοῦ,
748 921 830 974 ὅτι
865 919 1038 992 πρᾶός
1059 922 1193 990 ειμι,
1219 922 1314 974 καὶ
1345 921 1598 984 ταπεινὸς
1625 923 1692 992 τῇ
1711 937 1820 992 καρ
1837 949 1852 959 -

277 1014 386 1084 δίᾳ,
446 1013 542 1066 καὶ
590 1012 848 1083 εὑρήσετε
901 1012 1204 1066 ἀνάπαυσιν
1239 1014 1358 1074 ταῖς
1393 1013 1588 1082 ψυχαῖς
1615 1013 1788 1082 ὑμῶν.
1831 1032 1848 1063 ι

281 1102 484 1156 Τοῦτον
503 1103 530 1155 6
554 1101 820 1172 μακάριος
847 1101 1105 1166 Σοφονίας
1125 1101 1214 1154 τὸν
1243 1101 1374 1154 λαὸν
1399 1099 1598 1170 πρᾶον
1639 1101 1735 1155 καί
1758 1118 1856 1155 τα-

279 1191 496 1246 πεινὸν
512 1191 809 1246 ἀποκαλεῖ·
852 1191 882 1242 6
921 1191 1030 1261 γάρ
1065 1191 1456 1262 Ἰσραηλιτικὸς
1492 1191 1554 1244 οὐ
1594 1191 1854 1255 τοιοῦτος,

281 1283 420 1343 ἀλλὰ
448 1283 574 1346 λαὸς
608 1282 652 1313 ⁸³
681 1281 880 1351 μωρὸς,
905 1283 998 1334 καὶ
1021 1283 1142 1352 οὐχὶ
1177 1282 1360 1352 σοφός.
1398 1283 1507 1336 Καὶ
1543 1285 1660 1334 κατ’
1697 1281 1856 1336 ἄλλον

282 1373 606 1446 προφήτην·
643 1392 661 1423 ι
697 1372 904 1444 Νεῦρον
957 1369 1209 1444 σιδηροῦν
1255 1376 1284 1427 6
1331 1373 1602 1444 τράχηλος
1669 1372 1855 1436 αὐτοῦ,

282 1465 464 1518 καὶτὸ
507 1465 756 1535 μέτωπον
808 1464 971 1520 αὑτοῦ
1018 1463 1274 1536 χαλκοῦν.
1320 1483 1340 1518 ι
1365 1463 1601 1527 Τούτους
1647 1463 1857 1526 ἀδικίας

281 1555 605 1625 ἐλευθέρους
621 1555 909 1619 ἀποκαλεῖ,
927 1555 1114 1609 δόλου
1153 1553 1443 1624 γλῶσσαν
1471 1552 1860 1622 ἀπηλλαγμέ-

283 1663 406 1714 νην
433 1645 704 1716 ἔχοντας.
735 1645 986 1700 Τοιοῦτον
1031 1645 1212 1698 τοίνυν
1250 1645 1520 1716 δεξαμένη
1552 1645 1700 1708 λαὸν,
1721 1645 1859 1698 ’ἀντὶ

283 1735 380 1790 τοῦ
413 1736 708 1808 μοχθηροῦ,
732 1737 824 1790 καὶ
857 1735 1122 1808 θρασέως,
1157 1737 1252 1791 καὶ
1273 1735 1587 1802 δυσσεϐοῦς,

361 1827 442 1880 ιδ’.
475 1846 494 1878 ι
527 1829 720 1898 Χαῖρε,
769 1819 1008 1898 θύγατερ
1039 1826 1194 1890 Σιὼν,
1233 1828 1436 1899 σφόδρα
1469 1829 1514 1860 ⁵³
1545 1845 1556 1859 ·
1589 1829 1853 1900 κήρυσσε,

284 1917 526 1991 θύγατερ
589 1917 976 1988 Ἰερουσαλήμ·
1040 1917 1333 1988 εὐφραίνου
1361 1919 1408 1950 ⁸⁵
1457 1919 1550 1972 καὶ
1589 1919 1855 1990 εὐτέρπου

286 2014 349 2080 ἐξ
387 2012 514 2083 ὅλης
546 2010 768 2082 καρδίας
820 2027 936 2074 σου,
987 2011 1224 2084 θύγατερ
1262 2013 1636 2084 Ἰερουσαλήμ.
1673 2031 1692 2063 ι
1737 2013 1858 2066 Τῶν

284 2119 347 2156 τε
368 2102 477 2172 γὰρ
505 2101 737 2154 εἰδώλων
767 2103 795 2152 ὁ
845 2101 976 2167 Θεός
1036 2120 1096 2155 σε
1150 2104 1397 2174 καθαράν
1450 2103 1718 2172 ἀπέφηνε,
1765 2106 1860 2157 καὶ

287 2193 390 2262 τῆς
441 2191 550 2244 τῶν
598 2189 938 2262 δηλητηρίων
989 2191 1257 2261 δαιμόνων
1327 2189 1667 2261 ἠλευθέρωσε
1741 2189 1861 2243 ὅου-

287 2283 461 2347 λείας.

365 2372 566 2444 ις’-ιη’.
595 2391 612 2424 ι
661 2371 752 2426 Ἑν
779 2371 856 2442 τῷ
908 2371 1084 2445 καιρῷ
1143 2373 1339 2444 ἐκείνῳ
1385 2375 1500 2444 ὲρεῖ
1553 2373 1755 2443 Κύριος
1793 2374 1859 2442 τῇ

302 2463 698 2536 Ἰερουσαλήμ·
763 2464 990 2536 Θάρσει,
1041 2463 1201 2528 Σιὼν,
1259 2466 1334 2534 μὴ
1380 2463 1758 2534 παρείσθωσαν
1807 2465 1862 2516 αἱ

290 2557 474 2628 χεῖρές
521 2573 612 2610 σου
634 2571 648 2584 ⁸
709 2554 913 2626 Κύριος
945 2557 974 2608 6
1005 2556 1136 2620 Θεὸς
1164 2573 1260 2608 σου
1315 2555 1362 2589 ⁸⁵
1405 2558 1462 2609 ὲν
1503 2557 1606 2617 σοὶ,
1642 2555 1862 2619 δυνατὸς

291 2647 582 2707 σώσεισε·
611 2646 800 2712 ἐπάξει
846 2647 937 2702 ἐπὶ
992 2647 1052 2702 σὲ
1102 2645 1460 2717 εὐφροσύνην,
1519 2647 1613 2700 καὶ
1667 2648 1866 2700 καινιεί

293 2757 357 2793 σε
403 2740 460 2792 ὲν
496 2741 563 2810 τῇ
602 2739 876 2809 ἀγαπήσει
903 2737 950 2770 ⁵⁸
989 2738 1173 2803 αὑτοῦ,
1223 2738 1316 2792 καὶ
1344 2737 1773 2809 εὐφρανθήσεται
1808 2738 1864 2788 ὲν

299 2831 402 2899 σοι,
434 2831 490 2882 ἐν
517 2829 724 2901 τέρψει,
781 2830 856 2894 ὡς
917 2831 974 2882 ὲν
1022 2829 1205 2902 ἡμέρᾳ
1270 2830 1484 2900 ἑορτῆς,
1513 2831 1607 2882 καὶ
1655 2827 1867 2894 συνάξω

293 2921 424 2984 τοὺς
458 2921 950 2991 συντετριμμένους
1000 2936 1094 2975 σου
1121 2919 1188 2972 ⁵⁵⁷.
1229 2939 1246 2970 ι
1271 2917 1402 2974 Οἶδα
1439 2920 1557 2990 μὲν,
1586 2919 1660 2984 ὡς
1690 2919 1868 2973 ταῦτά

1951 469 2050 538 ipsi
2087 475 2398 538 pascentur,
2426 473 2480 519 ct
2509 461 2870 524 accubabant,
2893 467 2946 515 et
2978 475 3085 512 non
3105 459 3210 514 erit
3229 457 3322 528 qui
3345 467 3529 512 extero

1951 569 2068 613 reat
2092 575 2208 613 eos.
2240 575 2259 608 ι
2302 556 2424 610 llaec
2453 569 2674 624 quoque
2703 551 2876 606 'uobis
2911 560 3098 620 aperte
3143 548 3368 604 chorum
3395 563 3544 618 apo-x

1952 649 2203 704 stolicum
2221 647 2519 708 declarant,
2534 660 2693 714 quem
2711 643 2974 697 Dominus
2990 641 3204 694 beatum
3224 639 3530 710 praedicans

1951 741 2117 794 dixit:
2145 757 2164 790 ι
2192 738 2340 793 Beati
2401 737 2580 798 mites,
2613 733 2870 804 quoniam
2897 732 3002 802 ipsi
3042 729 3528 801 possidebun‘lter-

1958 847 2073 886 ram
2101 830 2148 884 ί.
2176 849 2195 882 ι
2233 830 2476 898 Itemque
2509 846 2524 883 :
2556 845 2575 878 ι
2617 826 2814 882 Discite
2836 839 2867 878 a
2891 841 2996 902 me,
3033 824 3160 893 quia
3199 821 3348 876 mitis
3399 836 3526 876 smn

1953 930 2006 976 et
2035 922 2256 976 humilis
2311 920 2497 982 corde,
2524 929 2578 975 et
2605 917 2896 972 invenietis
2937 916 3181 986 requiem
3229 913 3532 968 animabus

1961 1016 2158 1072 vestris
2180 1015 2228 1070 ε.
2254 1033 2272 1065 ι
2296 1012 2450 1066 llunc
2469 1012 2658 1067 beatus
2685 1008 2994 1079 Sophonias
3014 1005 3260 1074 populum
3285 1020 3532 1060 mansue-

1959 1119 2070 1162 tum
2097 1117 2146 1160 et
2178 1106 2426 1160 humilem
2463 1104 2724 1174 'appellat
2769 1123 2783 1156 :
2829 1101 3160 1156 lsraeliticus
3219 1097 3364 1152 enim
3417 1111 3526 1150 non

1957 1196 2225 1265 ejusmodi
2276 1201 2412 1258 erat,
2458 1193 2552 1248 scd
2603 1191 2836 1262 populus
2895 1189 3096 1245 stultus
3139 1196 3194 1244 et
3243 1187 3530 1258 insipiens.

1960 1287 2026 1340 Et
2059 1287 2199 1356 apud
2245 1285 2411 1339 alium
2445 1286 2760 1354 prophetam
2795 1299 2808 1338 :
2851 1299 2869 1332 ι
2902 1280 3112 1336 Nervus
3152 1279 3365 1334 ferreus
3406 1293 3526 1333 cer-

1958 1379 2046 1433 vi:
2075 1378 2218 1447 ejus,
2249 1385 2304 1432 et
2337 1375 2491 1431 frons
2533 1373 2654 1447 ejus
2689 1387 2830 1428 area
2851 1373 2902 1426 ιι.
2933 1391 2952 1425 ι
2991 1369 3102 1425 llos
3133 1371 3204 1424 ab
3240 1369 3532 1438 iniquitate

1959 1472 2162 1526 liberos
2212 1475 2369 1524 vocat
2413 1468 2648 1537 linguam
2699 1483 2732 1520 ιι
2764 1465 2896 1520 ‘dolo
2941 1464 3214 1518 liberatam
3262 1461 3530 1515 habentes.

1962 1563 2150 1632 Itaque
2204 1576 2327 1616 cum
2374 1574 2474 1630 pro
2535 1558 2712 1622 malo,
2769 1565 2825 1612 et
2876 1554 3186 1617 temerario,
3233 1559 3288 1609 et
3341 1551 3529 1622 impio,

1965 1652 2273 1710 istiusmodi
2303 1651 2562 1722 populum
2614 1647 2914 1718 acceperis,

2034 1829 2203 1885 Vens.
2241 1830 2327 1883 14.
2365 1847 2384 1881 ι
2411 1827 2622 1893 Gaude,
2653 1826 2763 1882 tilia
2798 1824 3005 1890 Siouis,
3048 1825 3244 1892 valde;
3276 1825 3534 1897 praedica,

1965 1917 2074 1972 tilia
2128 1917 2563 1988 Hierosolyma;
2632 1915 2844 1970 exsulta
2867 1923 2922 1971 et
2973 1914 3242 1970 delectare
3290 1914 3360 1970 de
3419 1923 3538 1968 totu

1965 2008 2133 2062 corde
2167 2015 2283 2070 tuo,
2323 2008 2430 2061 lilia
2466 2005 2882 2077 Hierosolyma.
2916 2024 2935 2058 ι
2973 2005 3089 2078 [15]
3119 2004 3250 2059 Nam
3289 2015 3344 2060 et
3377 2017 3427 2060 te
3459 2007 3531 2057 ab

1965 2097 2122 2152 idolis
2147 2096 2287 2151 Deus
2311 2097 2570 2165 expiavit,
2597 2102 2655 2150 et
2681 2110 2711 2148 a
2745 2094 3047 2149 scrvitute‘
3077 2093 3400 2149 infestorum
3427 2094 3537 2148 ιΙιυ·

1967 2202 2188 2242 monum
2241 2186 2508 2242 liberavit.

2039 2386 2204 2443 Vsus.
2239 2385 2414 2440 16-58.
2435 2403 2453 2436 ι
2477 2383 2741 2454 Tempore
2759 2383 2853 2438 illo
2877 2382 3020 2438 dicet
3042 2383 3302 2438 Dominus
3326 2381 3542 2453 1578

1972 2479 2358 2548 Hierosolyma
2383 2495 2395 2530 :
2421 2475 2664 2540 Conﬁde,
2688 2475 2851 2541 Sion;
2872 2491 2936 2529 ne
2953 2475 3324 2529 dissolvantur
3345 2489 3539 2528 manus

1970 2581 2096 2626 tum.
2125 2569 2390 2623 Dominus
2425 2567 2564 2622 Deus
2606 2575 2733 2623 tuus
2764 2569 2817 2620 iu
2852 2577 2924 2628 te,
2971 2566 3125 2620 l‘ortis
3156 2565 3392 2620 salvabit
3429 2573 3483 2621 te
3521 2584 3536 2621 :

1971 2663 2206 2716 adducet
2243 2675 2410 2730 super
2445 2666 2499 2714 te
2538 2659 2805 2720 laetitiam,
2834 2665 2890 2710 et
2922 2655 3205 2710 iunovahit
3235 2663 3288 2710 te
3320 2655 3375 2710 in
3407 2657 3540 2710 cha-

1973 2756 2139 2808 ritate
2193 2767 2314 2814 sua,
2373 2758 2428 2804 et
2475 2750 2750 2804 laetabitur
2795 2749 2849 2802 in
2895 2755 2970 2816 te,
3023 2746 3078 2800 in
3137 2746 3538 2812 delectatione;

1973 2845 2129 2914 quasi
2156 2844 2246 2898 die
2271 2843 2524 2904 solemni,
2556 2851 2608 2895 et
2639 2839 2986 2912 congregaho
3016 2837 3326 2895 contractos
3357 2845 3536 2894 tuos»

1973 2937 2090 2992 Non
2123 2937 2337 3006 ignoro,
2378 2935 2642 3004 quosdam
2685 2931 2799 2986 haec
2847 2933 2914 2985 de
2953 2930 3130 2984 reditu
3157 2944 3223 2984 ex
3270 2928 3542 2999 Babylone

295 3027 442 3074 τινες
473 3013 550 3074 εἰς
576 3012 674 3080 τὴν
701 3011 808 3064 ἀπὸ
837 3010 1154 3074 Βαϐυλῶνος
1203 3012 1478 3076 ἐπάνοδον,
1509 3015 1603 3066 καὶ
1629 3013 1727 3083 τῆς
1771 3013 1867 3067 Ίεο

1975 3037 2026 3082 et
2055 3025 2408 3081 renovatione
2433 3022 2823 3092 Hierosolyma‘
2855 3019 3159 3091 accepisse,
3205 3019 3406 3090 quibus
3433 3033 3540 3072 non

299 3103 582 3173 ρουσαλὴμ
609 3103 706 3174 τὴν
737 3103 1032 3156 ἀνανέωσιν
1081 3103 1414 3174 ὲξειλήφασι,
1447 3106 1543 3158 καὶ
1595 3107 1694 3160 οὐκ
1721 3106 1872 3160 ἀντι-

277 3195 445 3262 ,λέγω
492 3196 604 3258 τοῖς
642 3193 980 3266 εἰρημένοιςο
1013 3194 1276 3264 ἁρμόττει
1316 3196 1425 3267 γάρ
1459 3197 1692 3260 καὶτοῖς
1720 3215 1872 3268 τηνι-

300 3287 431 3340 κάδε
486 3286 872 3356 γεγενημένοις
933 3287 966 3356 ἡ
1025 3286 1365 3357 προφητεία·
1433 3287 1636 3358 ἀκριϐῆ
1683 3288 1874 3360 δὲτὴν

301 3375 529 3429 ἔκϐασιν
575 3375 725 3430 ἔστιν
777 3375 956 3446 εῦρείν
1007 3377 1143 3445 μετά
1191 3377 1290 3446 τὴν
1322 3377 1414 3430 τοῦ
1444 3377 1693 3448 Σωτῆρος
1717 3379 1874 3449 ἡμῶν

302 3465 715 3541 ὲνανθρώπησιν
736 3483 748 3496 υ
809 3467 930 3518 τότε
966 3465 1073 3537 γὰρ
1100 3467 1224 3530 τοὺς
1255 3469 1750 3538 συντετριμμένους
1778 3468 1874 3538 τὴν

305 3555 534 3628 καρδίαν
558 3555 646 3610 διά
681 3555 781 3625 τῆς
800 3555 894 3608 τοῦ
925 3554 1151 3628 λουτροῦ
1184 3557 1600 3626 παλιγγενεσίας
1645 3559 1832 3613 ἰάσατο
1861 3575 1875 3590 ·

305 3648 430 3700 τότε
463 3647 769 3700 ἀνεκαίνισε
824 3646 933 3698 τῶν
987 3645 1289 3717 ἀνθρώπων
1342 3646 1442 3714 τὴν
1494 3645 1676 3714 φύσιν,
1705 3645 1878 3710 οὕτως

306 3739 459 3809 ἡμᾶς
509 3739 820 3808 ἀγαπήσας,
854 3738 930 3802 ὡς
983 3739 1078 3792 καὶ
1104 3739 1203 3810 τὴν
1251 3739 1428 3810 ψυχὴν
1485 3739 1651 3793 αὐτοῦ
1697 3739 1877 3794 δοῦναι

309 3829 454 3899 ὑπὲρ
483 3828 660 3898 ἡμῶν.
709 3847 728 3882 ι
773 3829 1012 3892 Μείζονα
1045 3829 1174 3900 γάρ,
1215 3829 1369 3898 φησὶ,
1425 3829 1625 3900 ταύτης
1661 3831 1878 3900 ἀγάπην

308 3919 484 3982 οὐδεὶς
504 3919 724 3974 δύναται
748 3919 916 3985 δεῖξαι
945 3919 992 3951 ⁸⁸
1027 3919 1112 3972 ἵνα
1145 3937 1229 3982 τις
1269 3918 1334 3990 θῇ
1383 3919 1429 3950 ⁸9
1455 3920 1553 3988 τὴν
1585 3920 1759 3991 ψυχὴν
1781 3923 1881 3974 αύ-

312 4010 410 4064 τοῦ
445 4009 586 4080 ὑπὲρ
606 4009 713 4062 τῶν
761 4010 930 4078 φίλων
980 4009 1164 4062 αὑτοῦ.
1199 4031 1216 4062 ι
1255 4012 1366 4063 Καὶ
1415 4012 1609 4064 πάλινο
1645 4031 1663 4063 ι
1697 4011 1881 4074 Οὕτως

311 4104 598 4174 ἠγάπησεν
633 4103 662 4154 6
711 4102 842 4166 Θεὸς
890 4103 980 4154 τὸν
1007 4102 1229 4172 κόσμον,
1278 4103 1418 4154 ὥστε
1451 4103 1540 4155 τὸν
1571 4104 1695 4156 Υἱὸν
1719 4103 1880 4157 αὑτοῦ

311 4197 408 4250 τὸν
447 4195 704 4266 μονογενῆ
736 4193 955 4258 ἔδωκεν,
995 4192 1082 4246 ἵνα
1116 4195 1222 4255 πᾶς
1248 4195 1275 4244 6
1311 4193 1580 4246 πιστεύων
1611 4197 1687 4256 είς
1723 4195 1883 4247 αὐτὸν

316 4281 396 4353 μὴ
423 4282 711 4351 ἀπόληται,
735 4280 848 4334 ἀλλ’
880 4280 978 4350 ἔχῃ
1012 4278 1154 4350 ζωὴν
1183 4280 1416 4334 αἰώνιον.
1451 4299 1470 4332 ι
1513 4277 1642 4334 Εἶτα
1671 4283 1884 4335 ἀπειλεί

1973 3131 2240 3186 repugno,
2271 3112 2416 3182 quod
2451 3113 2519 3166 ab
2548 3111 2615 3166 iis
2643 3128 2763 3181 qua:
2793 3119 2907 3165 tum
2937 3116 3087 3180 gesta
3119 3115 3270 3171 sunt,
3303 3107 3542 3178 prophe-

1973 3209 2049 3262 tia
2121 3221 2230 3260 non
2285 3203 2593 3259 dissentiat.
2663 3201 2767 3258 Sed
2827 3201 3290 3274 accommodatior
3364 3199 3544 3253 exitus

1975 3296 2204 3368 reperiri
2237 3303 2414 3365 potest
2459 3301 2580 3363 post
2622 3291 2922 3346 Salvatoris
2975 3289 3148 3346 nostri
3195 3288 3538 3344 incarnatio-

1979 3404 2124 3443 nem.
2161 3385 2442 3456 Siquidem
2493 3393 2622 3438 tunc
2653 3399 2750 3453 per
2795 3383 3068 3438 lavacrum
3109 3382 3544 3453 regenerationis

1977 3478 2247 3534 contritos
2285 3475 2449 3531 corde
2475 3491 2640 3531 sanos
2683 3475 2830 3540 fecit,
2861 3482 2991 3529 tunc
3047 3473 3337 3528 humanam
3381 3481 3542 3528 natu-

1977 3587 2094 3626 ram
2127 3568 2475 3634 instauravit,
2503 3583 2568 3622 eo
2603 3581 2777 3636 usque
2802 3581 2902 3622 nos
2924 3565 3183 3636 diligens,
3214 3574 3272 3621 ut
3301 3565 3540 3620 animam

1979 3677 2131 3717 suam
2163 3659 2374 3716 dederit
2418 3674 2519 3730 pro
2553 3660 2732 3716 nobis.
2785 3677 2804 3710 ι
2831 3658 3090 3726 Maiorem
3129 3657 3296 3724 enim,
3347 3658 3544 3728 inquit,

1981 3751 2328 3807 dilectionem
2363 3765 2521 3806 nemo
2563 3747 2856 3804 ostendero
2884 3757 3084 3818 potest,
3129 3763 3291 3818 quam
3341 3747 3388 3803 si
3419 3748 3547 3817 quis

1981 3842 2216 3896 animam
2253 3854 2408 3896 suam
2459 3839 2696 3909 deponat
2725 3853 2825 3908 pro
2869 3837 3060 3892 amicis
3094 3837 3212 3892 suis
3238 3838 3280 3892 ί.
3311 3855 3330 3890 ι
3385 3836 3551 3892 Item-

1981 3948 2088 4003 que
2115 3951 2129 3987 :
2160 3949 2179 3982 ι
2215 3929 2305 3985 Sic
2333 3928 2476 3984 Deus
2510 3927 2697 3982 dilexit
2731 3927 3019 3994 mundum,
3056 3935 3114 3980 ut
3143 3923 3342 3982 Filium
3389 3939 3548 3980 suum

1983 4023 2322 4092 unigenitum
2370 4017 2526 4073 daret
2558 4033 2573 4082 ;
2603 4025 2664 4070 ut
2706 4017 2886 4070 omnis
2929 4017 3022 4084 qui
3067 4015 3244 4069 credit
3291 4015 3344 4068 in
3399 4029 3548 4078 cum,

1982 4124 2092 4162 non
2131 4117 2336 4176 pereat,
2375 4105 2468 4160 sed
2505 4105 2700 4157 habeat
2735 4105 2898 4157 vitam
2929 4111 3186 4156 aeternam
3221 4101 3267 4156 i.
3298 4121 3318 4153 ι
3355 4100 3550 4155 Postea

1985 4200 2226 4250 minatur
2251 4205 2368 4250 tum
2397 4195 2462 4248 iis
2497 4195 2590 4262 qui
2626 4193 2892 4246 conviciis
2945 4192 3374 4264 Hierosolymam
3424 4203 3555 4248 tunc

1989 4289 2360 4348 incesserunt,
2413 4293 2526 4337 tum
2559 4283 2626 4338 iis
2657 4283 2748 4352 qui
2806 4291 2990 4352 postea
3041 4291 3232 4342 contra
3278 4300 3554 4354 praecones

316 4375 552 4436 καὶτοῖς
603 4374 724 4426 τότε
768 4373 867 4444 τὴν
903 4372 1260 4444 Ἰερουσαλὴμ
1309 4373 1616 4438 ὀνειδίσασι,
1648 4376 1867 4438 καὶτοῖς

1992 4375 2238 4432 veritatis
2272 4375 2325 4430 id
2359 4375 2537 4444 ipsum
2576 4373 2694 4430 ausi
2725 4381 2873 4429 sunt.
2907 4371 3112 4444 Duplex
3133 4374 3276 4430 enim
3305 4383 3390 4432 est
3429 4391 3555 4448 pro-

319 4466 463 4536 μετὰ
517 4465 686 4518 ταῦτα
748 4463 888 4518 κατά
973 4463 1082 4518 τῶν
1145 4465 1405 4536 κηρύκων
1477 4467 1575 4536 τῆς
1625 4467 1882 4537 ἀληθείας

317 4557 485 4608 ταυτὸ
505 4555 659 4610 τοῦτο
677 4555 916 4626 τολμῶσι
939 4573 954 4588 ο
983 4556 1144 4627 διπλῆ
1164 4556 1270 4628 γάρ
1294 4559 1325 4626 ἡ
1350 4557 1674 4628 προφητεία.

403 4666 418 4696 ι
441 4647 607 4699 Dial!
652 4646 729 4708 τίς
759 4646 951 4700 ἔλαϐεν
973 4649 1058 4700 ἐπ’
1087 4647 1253 4718 αὐτὴν
1285 4647 1588 4718 ὸνειδισμόν
1613 4667 1626 4715 ;
1657 4649 1764 4719 (ιο’,
1793 4649 1884 4719 κ’.)

331 4738 465 4790 Ἰδοὺ
499 4737 608 4806 ἐγὼ
639 4736 776 4790 ποιῶ
809 4739 868 4790 ἐν
894 4739 976 4794 σοὶ
1004 4739 1190 4792 ’ἐνεκεν
1224 4739 1359 4810 ἐμοῦ
1389 4741 1434 4772 ⁸ο
1455 4781 1469 4802 ,
1493 4740 1638 4807 λέγει
1666 4741 1886 4813 Κύριος,

317 4831 381 4880 ἐν
411 4825 488 4896 τῷ
510 4827 686 4898 καιρῴ
731 4827 946 4897 ἐκείνῳ,
988 4827 1082 4884 καὶ
1113 4827 1271 4881 σώσω
1301 4827 1398 4898 τὴν
1427 4831 1887 4900 ἐκπεπιεσμένην,

323 4917 421 4971 καὶ
445 4917 540 4983 τὴν
568 4917 900 4988 ἀπωσμένην
943 4917 1274 4988 εἰσδέξομαι,
1306 4920 1398 4971 καὶ
1425 4919 1660 4990 θήσομαι
1694 4921 1890 4985 αὐτοὺς

324 5008 405 5068 εἰς
436 5007 716 5078 καύχημα,
777 5011 869 5061 καὶ
900 5007 1230 5077 ὀνομαστοὺς
1261 5009 1318 5060 ὲν
1353 5010 1499 5082 πάσῃ
1542 5015 1606 5082 τῇ
1662 5015 1732 5084 γῇ
1761 5031 1774 5044 ο
1801 5013 1893 5066 καὶ

323 5097 390 5148 οὐ
423 5095 996 5166 καταισχυνθήσονται.
1033 5095 1120 5147 Ἐν
1171 5093 1249 5166 τῷ
1297 5095 1472 5166 καιρῷ
1503 5097 1716 5166 ἐκείνῳ,
1761 5098 1888 5150 ὅταν

411 5275 431 5314 f
477 5273 664 5328 Matth.
699 5290 730 5327 v
755 5313 769 5336 ,
803 5272 836 5326 5
925 5279 950 5317 ι
993 5270 1177 5324 Matth.
1217 5286 1294 5334 ιιι,
1330 5271 1420 5326 ⁵39.

1517 5272 1542 5310 ξι
1588 5273 1692 5326 lsa.
1727 5287 1916 5334 xum,
1951 5272 2002 5326 4.

1991 4467 2193 4538 pheua.

2073 4667 2090 4700 ι
2119 4645 2209 4703 Vae
2229 4647 2240 4698 l
2261 4645 2387 4716 quis
2409 4645 2618 4714 accepit
2641 4661 2802 4715 super
2817 4661 2936 4702 eam
2959 4647 3348 4716 Opprobrium?
3372 4649 3554 4718 (Vsus.

1998 4738 2086 4798 19,
2119 4737 2208 4791 20.
2246 4738 2263 4807 )
2301 4737 2442 4790 Ecce
2483 4735 2624 4790 facio
2673 4736 2726 4790 in
2761 4746 2814 4790 te
2862 4745 3084 4805 propter
3127 4751 3232 4801 me,
3278 4737 3407 4791 dicit
3453 4736 3560 4791 Du-

1999 4829 2199 4887 minus,
2227 4837 2468 4896 tempore
2503 4825 2592 4880 illo
2623 4845 2636 4880 :
2666 4834 2718 4880 ct
2743 4825 2964 4880 salvabo
2995 4841 3330 4894 expressam,
3383 4837 3436 4882 ct
3477 4845 3562 4884 re~

1998 4920 2212 4989 pulsam
2267 4917 2586 4986 suscipiam,
2643 4927 2697 4970 et
2758 4915 2952 4970 faciam
3012 4932 3106 4972 eos
3155 4919 3449 4988 gloriosos,
3509 4931 3563 4974 et

1999 5011 2242 5063 celebres
2299 5010 2351 5062 in
2421 5008 2565 5060 onmi
2634 5014 2799 5072 terra,
2871 5015 2925 5060 ct
2967 5023 3073 5062 non
3137 5009 3558 5066 confutulcntur.

2001 5099 2270 5169 Tempore
2344 5098 2468 5160 illo,
2531 5096 2749 5166 quando
2821 5096 2961 5154 bene
3027 5099 3182 5158 vobis
3251 5103 3458 5164 fecero,
3511 5109 3564 5154 et

2089 5286 2106 5314 ε
2144 5272 2304 5330 Jcan.
2335 5289 2424 5336 xv,
2461 5275 2545 5328 i5.
2625 5273 2638 5325 i
2687 5274 2848 5329 Joan.
2886 5289 2982 5338 ιιι,
3016 5276 3103 5328 t6.

1627 5382 1861 5438 VARIA“.
1901 5382 2301 5444 LECTIONES.

405 5483 451 5514 ’δί’
473 5481 570 5550 τῷ.
599 5480 724 5534 Des.
759 5480 812 5532 in
846 5479 909 5533 Α.

336 5551 386 5584 ἰ’
416 5549 530 5604 σου.
565 5549 687 5603 Des.
727 5551 778 5602 in
833 5550 892 5600 Α.
972 5549 1019 5580 ⁸⁸
1050 5549 1089 5599 (2
1116 5549 1323 5618 ἀγάπη.

337 5625 462 5676 αὐτ.
511 5621 749 5690 ponitur.

989 5481 1030 5509 “
1065 5481 1104 5530 C
1130 5477 1296 5530 ἔστιν.
1370 5477 1414 5508 ⁸³
1436 5476 1579 5540 λαός.
1614 5477 1652 5528 Α
1681 5493 1867 5544 prium.
1901 5478 2014 5534 καί.

1279 5566 1323 5617 ῃ.
1403 5547 1442 5578 ’⁵⁷
1471 5565 1579 5598 σου.
1623 5548 1742 5599 Dus.
1801 5547 1852 5598 in
1897 5549 1958 5598 Α.

847 5619 891 5649 ιο
913 5621 1000 5689 ἐμ,
1033 5617 1074 5668 Α
1103 5635 1215 5683 σου,
1247 5617 1468 5672 omissis
1501 5618 1630 5680 illis.
1661 5617 1805 5684 λέγει
1854 5617 1992 5686 5'3?-

3247 5477 3366 5532 Des.
3412 5484 3466 5536 in
3497 5479 3562 5536 Α.

2121 5480 2166 5512 ⁸³
2197 5498 2287 5549 σφ.
2325 5481 2444 5536 Des.
2483 5481 2536 5535 in
2573 5481 2637 5534 Λ.
2717 5481 2938 5551 ιδεύφρ.
2967 5511 3034 5524 -
3067 5481 3188 5546 ’lsp.
3247 5480 3366 5532 Des.
3412 5484 3462 5536 in

2121 5551 2217 5605 Ξύν.
2248 5551 2294 5605 δ.
2326 5551 2470 5606 Loco
2494 5552 2586 5606 cit.
2619 5561 2702 5607 est
2729 5551 2856 5618 ἔχει.
2933 5551 2976 5581 ⁸⁵
3007 5549 3094 5618 θῇ.
3128 5548 3260 5603 lhid.
3297 5549 3462 5617 posui

3045 5563 3094 5618 ῃ.
3129 5563 3260 5603 uno.
3297 5563 3415 5617 posv.
3434 5563 3563 5619 ψυχ.

2039 5551 2081 5581 ’⁸⁸
2109 5551 2217 5605 δύν.
2248 5551 2294 5605 δ.
2326 5551 2470 5606 Loco
2494 5552 2586 5606 cit.
2619 5561 2702 5607 est
2729 5551 2856 5620 ἔχει.
