3956 6202
473 261 612 326 1863

1423 267 1910 329 TIIEODORETI
1948 268 2287 330 EPISCOPI
2322 269 2684 329 CYRENSIS

3589 262 3715 330 186i

470 389 533 424 ca
559 386 680 438 quae
707 378 1101 441 praecesserant
1125 379 1251 425 ante
1273 372 1691 428 :cdilieationem
1718 414 1731 438 ,
1755 383 1811 429 et
1834 389 1898 429 ea
1921 390 2028 444 qua

2146 374 2475 444 φιλοτιμίαν.
2508 374 2736 428 Κελεύει
2778 373 2887 445 γὰρ
2942 374 3124 437 αὐτοῖς
3177 373 3296 442 μετ’
3330 372 3493 442 ὀλίγα
3521 377 3718 446 παρεξ-

471 473 663 534 postea
691 472 878 518 secuta
904 474 1084 521 erant.
1111 463 1300 532 sicque
1321 466 1658 533 experientia
1684 480 2040 536 cognoscere,

472 570 527 606 in
570 561 772 621 quanta
814 568 1001 606 rerum
1042 556 1479 608 necessariarum
1522 556 1753 624 penuria
1792 555 2038 623 fuerint,

470 657 596 694 cum
627 641 932 696 aediﬁcandi
972 643 1161 711 templi
1193 657 1382 696 curam
1425 645 1716 700 diti‘errent
1760 665 1772 698 :
1810 648 2041 716 quantis

469 747 604 785 vero
639 732 798 785 bonis
829 731 1205 798 abundarent,
1237 749 1360 786 cum
1414 735 1519 789 hoc
1567 737 1808 791 studium
1841 754 2039 793 susce-

469 821 705 890 pissent.
748 812 903 888 Quod
942 839 1071 878 vero
1104 824 1223 889 ait,
1262 823 1366 877 Per
1401 843 1615 879 manum
1651 835 1669 853 ⁶
1703 828 1886 898 Aggwi
1914 845 2042 897 pro-

468 915 668 983 phetae,
713 915 785 968 ita
829 915 1236 985 intelligamus,
1277 918 1439 986 quasi
1480 917 1756 982 dixisset,
1799 936 1892 985 per
1931 920 2039 989 Ag-

467 1020 657 1075 θωπιηι.

539 1114 559 1148 ι
592 1097 687 1150 Dic
718 1095 783 1151 ad
814 1094 1209 1151 Zorobabelcm
1245 1096 1413 1152 (ilium
1445 1098 1795 1165 Salatbielis,
1836 1102 2038 1156 ducem

464 1168 652 1250 Iudae,
694 1197 747 1240 et
787 1188 852 1239 ad
888 1185 1111 1241 Josuam
1155 1188 1323 1242 lilium
1365 1188 1656 1253 Josedeci,
1693 1193 2036 1247 sacerdotem

467 1290 725 1345 magnum
748 1313 763 1336 .
799 1276 1030 1330 dicens:
1071 1274 1282 1345 (Vens.
1315 1277 1478 1347 2-4.)
1522 1276 1646 1332 Haec
1680 1278 1818 1332 dicit
1858 1281 2039 1332 Domi-

465 1382 572 1422 nus
602 1370 954 1439 omnipotens
995 1369 1277 1443 :Populus
1316 1374 1404 1427 hic
1444 1374 1621 1428 dicit:
1659 1373 1916 1428 Nondum
1950 1390 2040 1430 re-

464 1461 548 1513 nit
580 1468 798 1530 tempus
836 1460 1033 1516 domns
1068 1462 1287 1518 Domini
1324 1465 1681 1520 mdificandte.
1723 1465 1790 1519 Et
1830 1466 2035 1520 factum

465 1556 550 1603 est
579 1550 807 1603 verbum
853 1552 1064 1607 Domini
1099 1571 1197 1624 per
1232 1570 1453 1609 manum
1493 1557 1676 1625 Aggaai
1716 1557 2036 1627 prophetae,

463 1639 696 1695 dicens:
735 1639 953 1697 Siccine
990 1651 1203 1712 tempus
1244 1644 1466 1714 quidem
1506 1646 1659 1701 vobis
1689 1657 1772 1701 est
1795 1685 1809 1707 ,
1840 1652 1905 1721 ut
1936 1645 2036 1698 ha-

2148 464 2357 528 ετάσαι,
2392 463 2459 517 τὰ
2479 481 2537 517 τε
2558 464 2775 536 πρὸτῆς
2797 462 3132 532 οἰκοδομίας,
3161 464 3256 515 καὶ
3276 462 3344 515 τὰ
3366 462 3513 532 μετὰ
3537 464 3719 527 ταῦτα,

2149 556 2242 610 καὶ
2272 556 2359 609 διὰ
2395 557 2494 626 τῆς
2525 556 2715 627 πείρας
2749 555 2941 625 μαθεῖν
2988 557 3047 607 ὲν
3093 556 3193 626 ὅσῃ
3224 555 3323 624 μὲν
3350 550 3498 621 ἦσαν
3534 555 3721 609 σπάνει

2147 648 2256 700 τῶν
2296 647 2608 716 ἀναγκαίων
2654 646 3077 716 ἀναϐαλλόμενοι
3110 645 3204 700 τοῦ
3236 644 3344 699 νεὼ
3392 645 3495 716 τὴν
3529 647 3720 717 ὲπιμέο

2147 736 2325 790 λειαν·
2357 739 2498 790 ὅσων
2527 736 2583 790 δὲ
2608 736 2921 791 ἀπέλαυσαν
2963 731 3177 803 ἀγαθῶν
3218 735 3427 805 ταύτην
3463 735 3717 800 ἁναδεξάο

2151 844 2304 897 μενοι
2343 827 2437 896 τὴν
2487 827 2742 897 σπουδήν.
2774 826 2847 879 Τὸ
2888 827 2967 892 δὲ,
3005 827 3109 880 Ἐν
3142 827 3294 896 χειρί
3341 826 3450 880 τοῦ
3497 826 3720 898 προφή-

2147 936 2253 973 του
2280 921 2346 986 ⁶¹,
2372 919 2447 972 δι’
2492 921 2753 989 Ἀγγαίου
2780 923 3083 989 νοήσωμεν.

2223 1115 2241 1147 ι
2264 1097 2431 1152 Εἰπὸν
2450 1095 2583 1166 πρὸς
2605 1095 2931 1164 Ζοροϐάϐελ,
2950 1094 3040 1147 τὸν
3060 1093 3154 1149 τοῦ
3176 1093 3449 1165 Σαλαθιήλ
3471 1097 3537 1148 ὲκ
3558 1097 3721 1167 φυλῆς

2158 1189 2346 1250 Ἰούδα,
2372 1187 2620 1249 καὶπρὸς
2657 1185 2885 1257 Ἰησοῦν,
2918 1185 3009 1237 τὸν
3046 1184 3141 1239 τοῦ
3182 1185 3430 1239 Ἰωσεδὲκ
3454 1186 3550 1239 τὸν
3576 1188 3719 1257 ἱερέα

2145 1280 2235 1333 τὸν
2269 1280 2460 1349 μέγαν,
2505 1277 2679 1345 λέγων
2706 1292 2717 1305 ·
2754 1276 2943 1346 (β’-δ’.)
2976 1275 3116 1330 Τάδε
3161 1275 3308 1345 λέγει
3348 1275 3558 1349 Κύριος
3594 1297 3722 1332 παν-

2144 1366 2428 1437 τοκράτωρ
2477 1365 2519 1397 ⁶²
2546 1384 2557 1397 ·
2600 1365 2657 1417 Ὀ
2718 1364 2845 1428 λαδς
2894 1360 3051 1426 οὗτος
3095 1364 3379 1433 λέγουσιν·
3409 1368 3529 1437 ῡὺχ
3552 1368 3721 1437 ἧκειό

2145 1457 2334 1528 καιρὸς
2364 1455 2456 1509 τοῦ
2488 1456 2838 1525 οἰκοδομῆσαι
2884 1454 2975 1509 τὶν
3025 1449 3172 1508 οἷκον
3204 1456 3435 1526 Κυρίου.
3470 1458 3584 1509 Καὶ
3604 1458 3720 1524 ἐγέ-

2144 1565 2267 1601 νετο
2297 1546 2453 1615 λόγος
2480 1547 2689 1615 Κυρίου
2715 1549 2773 1600 ὲν
2813 1547 2959 1616 χειρὶ
3001 1546 3253 1614 Ἀγγαίου
3283 1546 3379 1600 τοῦ
3413 1550 3718 1619 προφήτου,

2142 1639 2346 1708 λέγων’
2371 1641 2432 1693 Et
2462 1638 2649 1709 καιρὸς
2678 1638 2776 1708 μὲν
2810 1639 2938 1707 ὑμῖν
2990 1641 3105 1690 ἐστι
3134 1636 3229 1691 τοῦ
3267 1640 3442 1693 οἰκεῖν
3466 1640 3524 1691 ὲν
3555 1639 3722 1701 οἴκοις

464 1730 650 1784 bitetis
703 1731 754 1784 in
800 1731 1059 1789 domibus
1107 1737 1410 1797 concavis.
1452 1737 1652 1793 domus
1698 1747 1879 1792 autem
1928 1738 2028 1790 ista

2141 1734 2294 1803 ὑμῶν
2314 1730 2599 1787 κοιλοστὰθ
2609 1749 2752 1801 μοις,
2774 1732 2802 1783 ό
2826 1730 2880 1784 δὲ
2898 1726 3042 1793 οἶκος
3059 1731 3107 1762 ⁸³
3124 1726 3280 1794 οὗτος
3304 1731 3715 1802 ὲξηρήμωταιςι

465 1830 649 1876 manet
684 1822 949 1878 deserta?
982 1845 1000 1878 ι
1033 1825 1090 1880 1η
1133 1843 1286 1882 more
1325 1838 1411 1882 est
1449 1829 1652 1884 divinae
1694 1830 2033 1899 Scriptum,

466 1919 526 1962 ut
566 1910 868 1981 principem
908 1917 1259 1970 sacerdotum
1297 1926 1455 1971 vocet
1492 1935 1736 1987 magnum
1785 1920 2035 1973 sacerdo-

465 2010 588 2053 tem.
620 1999 790 2057 Josua
826 2004 1010 2074 itaque
1059 2007 1308 2076 principe
1365 2009 1742 2072 sacerdotum,
1796 2019 1848 2066 ct
1894 2010 2036 2067 duce

465 2092 652 2161 populi
710 2091 1088 2160 Zorobabele,
1152 2098 1304 2152 velut
1359 2098 1645 2168 judicibus
1711 2103 2032 2169 quibusdam

464 2188 625 2238 utens
662 2182 955 2248 Dominus,
994 2203 1090 2255 per
1122 2195 1442 2258 prophetam
1481 2192 1741 2259 populum
1777 2203 2028 2247 accusat.

464 2270 654 2328 Videte
696 2274 846 2328 enim
875 2315 889 2339 ,
921 2279 1137 2347 inquit,
1168 2288 1429 2349 quantam
1465 2298 1654 2336 curam
1689 2285 1741 2337 in
1780 2286 1898 2338 suis
1929 2285 2031 2339 do-

462 2362 651 2419 mibus
675 2375 913 2434 ponant;
940 2383 1046 2422 non
1074 2370 1234 2425 modo
1249 2372 1395 2425 enim
1428 2374 1719 2439 aediﬁcant,
1743 2375 1838 2429 sed
1864 2377 2027 2431 etiam

460 2467 556 2508 cas
584 2465 895 2511 exornant:
946 2459 1193 2513 divinum
1238 2477 1369 2516 vero
1418 2466 1678 2534 templum
1703 2507 1717 2528 .
1757 2483 1853 2536 per
1884 2467 2029 2537 quod

461 2546 739 2601 communi
787 2549 971 2603 salute
1019 2549 1275 2606 frtutntur
1329 2569 1555 2619 omnes,
1603 2556 1877 2613 aediﬁcare
1928 2572 2029 2612 no-

461 2637 618 2700 lunt,
656 2652 763 2690 non
799 2647 987 2708 aptum
1032 2640 1245 2712 1583
1282 2644 1350 2698 ad
1390 2645 1771 2701 aediﬁcandum
1810 2656 2029 2719 tempus

461 2725 831 2805 perhibentes.

532 2836 698 2894 Vens.
735 2840 788 2894 5.
842 2860 860 2892 ι
896 2840 961 2895 Et
1006 2859 1155 2898 nunc
1197 2845 1310 2900 haec
1363 2846 1499 2901 dicit
1553 2847 1818 2906 Dominus
1852 2852 2031 2905 omni-

460 2938 658 2997 potens
691 2930 919 2987 :Ponite
952 2936 1121 2988 corda
1155 2946 1335 2992 vestra
1360 2940 1425 2993 ad
1456 2940 1575 2995 vias
1607 2950 1839 2997 vestras.
1873 2964 1891 2996 ι
1916 2942 2028 2997 Re-

2151 1822 2332 1892 Ἶερέα
2381 1822 2573 1892 μέγαν
2610 1821 2701 1876 τὸν
2766 1821 3025 1894 ἀρχιερέα
3091 1822 3275 1875 καλεῖν
3315 1822 3438 1885 ἔθος
3479 1823 3549 1892 τῇ
3605 1821 3721 1891 θείᾳ.

2138 1916 2351 1987 Γραῳῇ.
2395 1916 2668 1987 ’Δρχιερεῖ
2695 1914 2872 1968 τοίνυν
2900 1914 3014 1966 δντι
3046 1911 3124 1983 τῷ
3161 1909 3358 1981 Ἰησοῦ,
3391 1910 3590 1980 καὶτῷ
3623 1913 3717 1964 Ζο-

2139 2008 2369 2082 ροϐάϐελ
2398 2005 2833 2078 δημαγωγοῦντι,
2862 2000 2972 2058 οἶόν
3005 2021 3115 2057 ’.ισι
3159 2006 3372 2074 κριταῖς
3395 2005 3425 2055 ὁ
3458 2002 3592 2063 Θεὸς
3627 2021 3717 2055 κεο

2136 2100 2428 2172 χρημένος,
2478 2098 2575 2168 τὴν
2620 2096 2711 2151 τοῦ
2738 2094 2867 2149 λαοῦ
2900 2094 2985 2148 διὰ
3014 2091 3108 2146 τοῦ
3146 2091 3437 2163 Προφήτου
3482 2095 3714 2146 ποιεῖται

2136 2189 2490 2262 κατηγορίαν.
2532 2189 2722 2260 Ὁρᾶτε
2749 2186 2880 2258 γὰρ,
2910 2184 3098 2255 φησὶν,
3120 2184 3251 2251 ὅσης
3278 2183 3377 2253 μὲν
3403 2188 3502 2235 καὶ
3531 2183 3716 2244 ὁποίας

2134 2283 2451 2353 ἐπιμελείας
2489 2282 2589 2345 τὰς
2647 2279 2917 2350 σφετέρας
2971 2276 3149 2339 οἰκίας
3187 2274 3432 2340 ἀξιοῦσιν
3460 2291 3475 2304 ·
3516 2274 3580 2327 οὐ
3611 2275 3715 2346 γὰρ

2136 2379 2297 2449 μόνον
2328 2377 2722 2448 οἰκοδομοῦσιν,
2755 2375 2889 2428 ἀλλὰ
2913 2374 3007 2426 καὶ
3031 2372 3438 2435 καλλωπίζουσι
3470 2371 3674 2433 ταυτας
3696 2387 3708 2400 ·

2132 2473 2223 2524 τδν
2255 2471 2313 2524 δὲ
2329 2469 2469 2523 θεῖον
2497 2466 2670 2532 οἷκον,
2697 2468 2763 2521 δι’
2786 2462 2845 2521 οὗ
2862 2466 3049 2535 κοινῆς
3078 2464 3352 2535 σωτηρίας
3377 2462 3711 2517 ἀπολαύωσι

2134 2564 2354 2625 πάντες,
2396 2561 2695 2631 οἰκοδομεῖν
2746 2560 2846 2613 οὐκ
2888 2558 3186 2622 ἐθέλουσιν,
3227 2555 3611 2627 ἀνεπιτήδειον
3636 2556 3711 2619 εἰς

2133 2650 2445 2720 οἰκοδομίαν
2473 2648 2786 2704 διαϐεϐαιού
2796 2664 2947 2718 μενοι
2968 2646 3057 2699 τὸν
3080 2645 3297 2717 καιρόν.

2201 2858 2262 2905 ε’.
2301 2869 2319 2902 ι
2358 2851 2469 2903 Καὶ
2514 2847 2609 2901 νῦν
2646 2848 2772 2902 τάδε
2821 2847 2970 2915 λέγει
3024 2845 3229 2915 Κύριος
3276 2847 3703 2917 παντοκράτωρ·

2132 2944 2341 3009 Τάξατε
2372 2942 2471 3003 τὰς
2509 2940 2553 2972 ⁸³
2584 2940 2811 3010 καρδίας
2843 2938 2995 3007 ὑμῶν
3024 2939 3104 3000 εἰς
3146 2937 3245 3002 τὰς
3275 2938 3433 3000 ὀδοὺς
3470 2938 3643 3007 ὑμῶν.
3680 2956 3697 2987 ι

459 3026 607 3073 ctam
635 3022 1024 3091 cogitationem
1058 3028 1345 3096 suscipite,
1374 3039 1429 3083 et
1453 3029 1590 3099 justi
1614 3031 1829 3101 jndices
1856 3044 2027 3088 estote

2146 3033 2318 3104 Ὀρθῷ
2340 3030 2616 3103 χρήσασθε
2646 3028 2910 3100 λογισμῷ,
2934 3029 3028 3083 καὶ
3055 3029 3274 3098 γένεσθε
3298 3029 3488 3097 κριταὶ
3515 3029 3702 3085 δίκαιοι

460 3110 767 3165 studiorum
797 3124 1136 3180 vestrorum,
1176 3127 1231 3171 et
1260 3122 1574 3188 pernoscite
1594 3160 1609 3185 ,
1645 3131 1911 3191 quantum
1942 3125 2023 3179 in-

460 3212 542 3256 ter
569 3204 815 3257 studium
851 3221 1034 3261 rerum
1067 3208 1382 3264 divinarum
1417 3220 1473 3267 et
1505 3215 1908 3284 negligentiam
1943 3216 2027 3270 in-

459 3294 633 3347 tersit.
669 3294 749 3366 [6]
779 3296 975 3352 Postea
1037 3300 1172 3353 dicit
1214 3316 1344 3367 eos,
1389 3304 1607 3359 etiamsi
1659 3307 1887 3359 multam
1942 3323 2027 3362 se-

463 3392 695 3437 mentem
731 3385 966 3441 fecerint
989 3427 1004 3451 ,
1039 3392 1268 3457 exiguos
1309 3390 1523 3446 fructus
1566 3396 1877 3463 percepisse
1900 3437 1914 3461 ,
1952 3397 2025 3448 ita

465 3483 517 3527 at
551 3490 769 3545 semper
799 3486 853 3531 et
886 3481 1135 3534 esuriant
1183 3490 1239 3535 et
1290 3483 1518 3545 sitiant,
1572 3494 1627 3538 ct
1678 3501 2024 3555 nequaquam

459 3568 751 3631 satientur,
813 3568 907 3623 sed
967 3572 1020 3623 in
1082 3572 1266 3640 inopia
1320 3581 1376 3627 et
1441 3574 1664 3628 miseria
1718 3585 2023 3640 versentur,

458 3670 622 3727 atque
672 3662 808 3729 ipsis
854 3663 1018 3714 etiam
1074 3665 1412 3718 necessariis
1442 3665 1691 3719 vestibus
1724 3667 2022 3735 indigeant.

463 3766 481 3797 ι
507 3750 812 3818 Operuistis
840 3753 988 3806 enim
1022 3770 1148 3818 vos,
1195 3755 1409 3824 inquit,
1433 3765 1486 3809 et
1518 3772 1627 3809 non
1660 3758 1794 3810 estis
1822 3758 2023 3811 calefa-

458 3841 528 3893 cti
557 3858 569 3893 :
605 3849 657 3894 et
684 3844 774 3911 qui
808 3845 1086 3898 mercedes
1114 3849 1519 3917 congregabat,
1552 3849 1901 3917 congregavit
1931 3865 2024 3902 eas

459 3931 511 3982 in
550 3934 829 3985 sacculum
866 3935 1231 4003 perforatum.
1266 3958 1283 3989 ι
1317 3939 1381 3994 Et
1413 3941 1611 3993 divites
1644 3941 1782 4010 ipsi,
1813 3949 1865 3991 et
1895 3958 2024 4008 ope.—

457 4022 589 4074 rarii
620 4025 876 4079 mercede
908 4028 1210 4092 conducti,
1260 4038 1316 4084 et
1360 4029 1638 4082 mercedes
1686 4045 2021 4101 congregare

454 4113 603 4168 soliti
636 4116 874 4180 nullam,
913 4117 1205 4188 dissipatis
1236 4121 1322 4173 bis
1356 4136 1478 4189 quas
1508 4121 1877 4189 collegerant,
1918 4121 2024 4173 uti-

455 4205 666 4259 litatcm
711 4223 775 4261 ex
831 4209 1020 4264 multis
1068 4211 1353 4265 laboribus
1405 4221 1760 4279 acceperunt.
1816 4210 1909 4287 [7,
1946 4212 2018 4283 8]
2064 4230 2067 4233 ‘

454 4298 533 4351 Ac
566 4314 758 4354 rursus
790 4300 1054 4368 deinceps
1086 4317 1180 4354 eos
1208 4300 1361 4368 jubet
1392 4301 1634 4370 prudens
1666 4305 1806 4356 inire
1837 4306 2015 4357 consi-

2127 3125 2236 3178 τῶν
2270 3125 2550 3195 ὑμετέρων
2570 3121 3040 3192 ἐπιτηδευμάτων,
3077 3120 3172 3174 καὶ
3211 3118 3419 3189 μάθετε
3448 3121 3553 3189 τῆς
3584 3122 3702 3189 περὶ

2128 3215 2196 3268 τὰ
2223 3217 2341 3269 θεῖα
2374 3214 2606 3283 σπουδῆς
2647 3229 2706 3265 τε
2736 3212 2830 3266 καὶ
2879 3210 3150 3283 ῥᾳθυμίας
3182 3211 3243 3264 τὸ
3281 3211 3544 3282 διάτορον
3565 3214 3698 3267 ὅσον.

2127 3302 2263 3360 Εἶτα
2290 3307 2458 3373 λέγει,
2499 3306 2582 3358 ὅτι
2631 3303 2798 3357 πολὺν
2845 3302 3308 3373 καταϐαλλόμενοι
3340 3305 3570 3374 σπόρον,
3597 3304 3693 3357 ὀλί-

2127 3415 2311 3467 γιστον
2347 3396 2554 3467 καρπὸν
2610 3396 2954 3465 ἐκομίσαντο,
2992 3393 3067 3458 ὠς
3102 3395 3190 3448 ἀεὶ
3230 3394 3328 3449 καὶ
3356 3398 3575 3466 πεινῇν,
3611 3397 3699 3449 καὶ

2126 3487 2305 3558 διψῆν,
2332 3486 2425 3537 καὶ
2454 3484 2616 3555 κόρου
2660 3484 2923 3554 μηδαμῶς
2956 3483 3265 3548 ἀπολαύειν,
3304 3483 3423 3536 ἀλλ’
3452 3485 3512 3537 ὲν
3546 3485 3698 3555 πενίᾳ

2127 3579 2218 3632 καὶ
2249 3577 2591 3649 ταλαιπωρίᾳ
2619 3576 2850 3643 διάγειν,
2901 3576 2977 3638 ὼς
3014 3576 3104 3629 καὶ
3135 3576 3310 3644 αὐτῆς
3343 3575 3457 3629 τῶν
3486 3576 3697 3645 περιϐο-

2125 3670 2291 3723 λαίων
2305 3667 2583 3732 σπανίζειν
2599 3668 2693 3737 τῆς
2709 3668 2917 3737 χρείας.
2943 3687 2962 3718 r
2984 3667 3377 3738 Περιεϐἀλεσθε
3390 3668 3525 3739 γὰρ,
3547 3669 3693 3739 φησί,

2126 3760 2217 3811 καὶ
2248 3759 2347 3811 οὑκ
2393 3757 2763 3828 ὲθερμὰνθητε
2791 3758 2848 3810 ὲν
2896 3757 3099 3820 αὐτοῖς,
3135 3755 3228 3810 καὶ
3258 3758 3285 3810 ό
3307 3757 3434 3819 τοὺς
3476 3756 3694 3827 μισθοὺς

2127 3851 2393 3918 συνάγων,
2417 3850 2722 3918 συνήγαγεν
2747 3849 2828 3910 είς
2861 3848 3169 3917 ἀπόδεσμον
3195 3848 3636 3918 τετρυπημένον.
3670 3864 3688 3895 ι

2125 3945 2267 4017 Πρὸς
2287 3944 2392 4013 γὰρ
2416 3945 2597 4005 αὐτοῖς
2639 3943 2751 4004 τοῖς
2785 3942 2830 3973 ⁸³
2867 3941 3245 4029 κεκτημένοις.
3276 3941 3372 3993 καὶ
3401 3942 3452 3994 οἰ
3480 3941 3697 4009 ἀποχει-

2128 4036 2372 4106 ροϐίωτοι
2433 4033 2750 4107 μισθαρνεῖν
2780 4031 3049 4096 εἰωθότες,
3086 4031 3295 4086 καὶτὸν
3340 4030 3536 4102 μισθὸν
3575 4046 3695 4086 συν-

2123 4126 2414 4197 αθροίζειν,
2444 4124 2593 4178 οὐδὲν
2618 4123 2725 4176 τῶν
2774 4123 2987 4176 πολλῶν
3024 4122 3313 4176 ἀπώναντο
3344 4123 3549 4183 πόνων,
3584 4122 3689 4173 τῶν

2123 4215 2523 4289 ἁθροιζομένων
2587 4213 3047 4283 σκεδαννυμένων.
3104 4209 3239 4265 Εἶτα
3293 4212 3461 4265 πάλιν
3513 4213 3694 4272 αὐτοῖς

2124 4305 2556 4379 παρακελεύεται
2609 4305 2846 4375 σώφρονι
2902 4304 3211 4374 χρήσασθαι
3286 4302 3560 4374 λογισμῷ,
3604 4302 3694 4355 καὶ

456 4388 624 4455 lium,
659 4401 710 4444 et
743 4393 926 4459 templi
963 4394 1307 4445 curationem
1356 4393 1612 4446 omnibus
1662 4395 1826 4448 rebus
1864 4405 2015 4448 ante-

2137 4401 2337 4453 πάντων
2371 4394 2693 4468 προελέσθαι
2749 4394 2843 4447 τοῦ
2889 4394 3032 4447 θείου
3063 4391 3193 4445 ναοῦ
3223 4393 3321 4461 τὴν
3351 4392 3689 4463 ἐπιμέλειαν,

452 4494 687 4548 ponere,
724 4487 777 4535 et
811 4480 875 4535 ad
909 4482 1172 4535 sublimes
1209 4490 1424 4536 montes
1457 4484 1733 4551 profectos
1771 4485 1913 4554 ligna
1950 4485 2015 4537 ad

454 4568 862 4623 aediﬁcationem
894 4578 1019 4639 apta
1050 4575 1257 4625 ccedere
1297 4589 1310 4626 :
1347 4574 1626 4641 pollicitus
1686 4590 1744 4629 se
1773 4576 1838 4629 ad
1879 4577 2015 4630 lianc

449 4675 561 4712 rem
597 4675 690 4713 eos
720 4660 1069 4727 adjuturum,
1122 4672 1173 4713 et
1226 4663 1467 4718 illustres
1514 4681 1609 4719 eos
1660 4666 2008 4718 redditurum

448 4764 591 4802 esse.
628 4748 741 4802 lmo
791 4752 955 4803 etiam
1009 4766 1104 4804 eos
1149 4752 1215 4804 ad
1268 4756 1586 4811 memoriam
1635 4757 2015 4810 antecedentis

450 4839 645 4907 inopia:
685 4849 940 4906 revocat,
987 4854 1044 4896 ut
1084 4843 1366 4899 discerent
1417 4851 1600 4918 qualia
1641 4848 1865 4903 desidia:
1905 4848 2016 4903 sint

446 4943 689 4997 prtemta.

515 5041 684 5098 Vens.
718 5046 771 5100 9.
815 5065 832 5098 ι
875 5046 1213 5117 Respexistis
1252 5052 1397 5104 enim
1448 5050 1513 5104 ad
1548 5053 1740 5116 multa,
1768 5058 1821 5105 et
1872 5048 2014 5103 facta

444 5148 573 5192 sunt
602 5153 771 5207 pauca
802 5159 814 5192 :
844 5151 898 5193 et
930 5142 1077 5195 illata
1109 5152 1239 5196 sunt
1262 5144 1330 5196 in
1364 5146 1624 5199 domum.
1653 5152 1705 5195 et
1734 5140 2011 5196 exsulllavi

446 5228 558 5283 illa.
586 5246 605 5280 ι
632 5230 767 5285 Cum
797 5234 1126 5302 sperassetis
1153 5251 1250 5290 vos
1280 5235 1495 5289 fructus
1522 5234 1725 5289 multos
1752 5242 2014 5301 capturos

2114 4493 2207 4544 καὶ
2257 4490 2355 4552 τὰς
2400 4488 2737 4557 ἀμφιλαφεῖς
2808 4485 3134 4539 καταλαϐεῖν
3186 4485 3456 4555 κορυφὰς,
3497 4485 3593 4539 καὶ
3627 4485 3691 4536 τὰ

2116 4579 2346 4650 ἁρμόδια
2385 4580 2449 4648 τῇ
2503 4576 2787 4646 οἰκοδομίᾳ
2820 4574 2952 4640 ξύλα
3001 4577 3188 4644 τεμεῖν
3218 4590 3230 4602 ·
3265 4572 3689 4643 ὑπισχνούμενος

2115 4671 2490 4740 συνεργήσειν,
2514 4668 2608 4720 καὶ
2647 4666 3039 4737 περιϐλέπτους
3095 4667 3480 4736 καταστήσειν.
3536 4666 3685 4717 Ἀνα-

2116 4764 2409 4831 μιμνήσκει
2433 4758 2489 4810 δὲ
2519 4758 2715 4819 αὐτοὺς
2768 4758 2863 4810 καὶ
2905 4759 3005 4827 τῆς
3048 4756 3321 4828 προτέρας
3346 4756 3579 4821 ἐνδείας,
3607 4758 3686 4809 ἵνα

2118 4852 2360 4923 μάθωσιν
2383 4845 2470 4905 οἷα
2497 4850 2595 4920 τῆς
2620 4849 2891 4920 ῥᾳθυμίας
2918 4849 2987 4904 τὰ
3014 4848 3284 4925 ἐπίχειρα.

2183 5048 2247 5101 0'.
2288 5066 2307 5099 ι
2366 5045 2666 5115 Ἐϐλέψατε
2703 5047 2749 5079 ⁵⁸
2798 5046 2907 5116 γὰρ
2953 5047 3033 5110 εἰς
3084 5047 3274 5111 πολλὰ,
3326 5049 3424 5101 καὶ
3467 5048 3679 5117 ἐγένετο

2110 5139 2265 5206 ὀλίγα
2284 5153 2298 5168 ’
2320 5137 2607 5207 εἰσηνέχθη
2625 5138 2704 5200 εἰς
2719 5137 2811 5191 τὸν
2843 5133 3010 5197 οἶκον,
3042 5140 3137 5191 καὶ
3161 5137 3470 5208 ὲξεφύσησα
3488 5141 3641 5192 otiati.
3655 5158 3671 5187 ι

2114 5229 2347 5292 Πολλοὺς
2405 5229 2704 5300 δρέψασθαι
2760 5230 3007 5298 καρποὺς
3068 5231 3537 5301 προσδοκήσαντες
3582 5228 3675 5294 τῆς

1733 5407 1964 5463 VARUE
2005 5406 2297 5463 LECTION
2312 5406 2413 5461 ES.

531 5571 573 5604 ιι
607 5587 852 5641 ..πρωρ-
894 5567 934 5641 ς
961 5583 1143 5641 prce".-
1197 5568 1473 5641 ’λινέους

442 5640 485 5671 ⁸⁵
503 5642 631 5704 τοῖς.
664 5636 784 5696 Des.
809 5636 863 5696 in
895 5636 971 5691 υ.
1032 5640 1076 5669 ⁸⁸
1108 5638 1147 5689 Α
1178 5646 1232 5692 et
1260 5638 1300 5691 C
1336 5636 1689 5705 ὲπεϐλέψατε.

1584 5568 1628 5598 θ’
1662 5584 1821 5623 παντ.
1855 5566 1895 5619 Α
1929 5566 2076 5620 addit
2130 5564 2321 5634 λέγων.

2434 5567 2480 5598 ⁸³
2513 5561 2616 5620 οἷκ.
2646 5565 2690 5618 Α
2733 5563 2877 5620 addit
2914 5580 3038 5635 μου.
3136 5563 3179 5595 ⁸³
3209 5562 3325 5628 τάς.
3357 5561 3477 5620 Des.
3504 5563 3557 5619 in
3595 5565 3663 5617 Δ.
