3956 6202
320 328 459 397 1865

1618 328 1700 389 IN
1740 329 1989 391 AGGJEI
2016 330 2177 392 CAP.
2205 328 2288 391 II.

3435 326 3570 390 1866

313 441 525 503 ἐλπίδος
552 438 872 511 ἐψεύσθητε,
909 440 1002 495 καὶ
1030 439 1186 509 ὀλίγα
1208 439 1262 493 δὲ
1288 439 1738 511 συναθροίσαντες
1772 439 1891 492 οὐδὲ

2005 454 2143 506 esse,
2174 455 2300 511 spes
2332 455 2429 495 vos
2464 444 2479 460 ‘
2513 440 2708 495 fefellit
2738 460 2747 494 :
2778 449 2982 495 etcum
3017 451 3290 508 per-pauca
3311 435 3571 507 collegis-

311 532 518 586 τούτων
562 531 939 586 ἀπελαύσατε·
993 532 1089 586 καὶ
1138 532 1197 598 ἐξ
1242 531 1419 585 αὐτῶν
1466 532 1574 603 γὰρ
1614 531 1750 584 αὑτᾶ
1783 532 1891 584 τῶν

313 622 538 695 δοχείων
563 623 852 676 ὲσκέδασα.

393 733 414 765 ι
442 713 543 769 Διὰ
560 713 720 767 τοῦτο
734 714 881 783 λέγει
902 714 946 746 ⁸⁷
964 714 1167 784 Κύριος
1189 715 1582 784 παντοκράτωρ
1605 730 1616 743 ·
1656 714 1795 767 Ἀνθ’
1818 706 1892 768 ὧν

316 808 343 858 ὁ
374 800 521 869 οῐκός
545 822 647 876 μου
673 804 821 859 ἐστὶν
856 804 1101 876 ἔρημος,“
1140 804 1297 872 ὑμεῖς
1326 803 1380 856 δὲ
1417 800 1639 856 διώκετε
1664 802 1894 867 ἕκαστος

317 900 398 962 εἰς
416 897 509 951 τὸν
544 892 691 951 οἷκον
716 896 902 951 αὑτοῦ.
948 894 1027 965 (ι’,
1063 894 1179 965 ια’.)
1210 895 1308 948 Διὰ
1345 893 1503 947 τοῦτο
1537 893 1716 960 ἀνέξει
1750 894 1779 947 6
1805 893 1896 945 οὑ-

316 990 481 1062 ρανὺς
524 988 631 1044 ἀπὸ
668 988 880 1059 δρόσου,
908 988 1001 1042 καλ⁵
1030 987 1154 1057 ήγῆ
1200 986 1467 1039 στελεῖται
1496 985 1541 1016 ⁸⁸
1566 984 1632 1038 τά
1665 984 1897 1056 ὲκφόρια

317 1077 486 1146 αὐτῆς
513 1076 597 1145 ἐφ’
632 1076 777 1147 ὑμᾶς
812 1076 878 1130 θ’.
939 1075 1047 1129 Καὶ
1104 1073 1290 1140 ἐπάξω
1342 1074 1617 1145 ῥομφαίαν
1655 1075 1747 1126 ἐπὶ
1799 1074 1897 1144 τὴν

316 1168 443 1237 γῆν,
479 1168 574 1219 καὶ
597 1168 690 1221 επὶ
718 1167 785 1219 τά
808 1166 933 1237 ὅρη,
978 1166 1069 1220 καὶ
1092 1167 1186 1219 ἐπὶ
1211 1166 1303 1219 τὸν
1328 1168 1495 1231 σῖτον,
1528 1165 1625 1218 καὶ
1658 1165 1750 1218 ἐπὶ
1776 1166 1818 1197 ⁷⁰
1838 1168 1898 1219 τὸ

316 1258 641 1323 ἒ).αιον,’καὶ
671 1258 763 1310 ἐπὶ
802 1258 978 1312 πάντα
1012 1257 1050 1287 ⁷³
1092 1259 1191 1310 ὅσα
1228 1257 1452 1328 ἐκφέρει
1486 1261 1517 1327 ή
1550 1258 1643 1326 γῆ,
1682 1258 1777 1311 καὶ
1806 1258 1898 1310 ἐπὶ

315 1349 442 1411 τοὺς
480 1347 822 1418 ἀνθρώπους,
861 1347 955 1401 καὶ
981 1347 1073 1400 ἐπὶ
1098 1347 1166 1401 τὰ
1188 1348 1384 1420 κτήνη,
1420 1348 1514 1401 καὶ
1546 1348 1641 1399 ἐπὶ
1689 1348 1898 1413 πάντας

314 1441 443 1503 τοὺς
466 1440 659 1504 πόνους
689 1439 797 1494 τῶν
829 1440 1029 1510 χειρῶν
1058 1439 1258 1494 αὐτῶν.
1298 1459 1318 1491 ο
1350 1440 1559 1511 Ὥσπερ
1601 1438 1709 1510 γὰρ
1742 1441 1899 1511 ὑμεῖς

316 1533 417 1603 τῆς
450 1533 589 1603 ἐμῆς
614 1532 864 1604 άμελεῖτε
897 1533 1212 1605 θεραπείας,
1245 1536 1338 1588 καὶ
1361 1534 1466 1588 τῶν
1498 1535 1684 1589 οἰκιῶν
1703 1535 1759 1587 δὲ
1792 1535 1898 1589 τῶν

318 1623 600 1697 ὑμετέρων
635 1624 835 1694 πολλὴν
875 1625 1113 1678 ποιεῖσθε
1156 1625 1481 1696 κηδεμονίαν
1501 1643 1513 1656 ·
1542 1625 1713 1690 οὕτως
1743 1626 1897 1694 κάγὼ

319 1716 538 1788 πεδήσω
584 1715 685 1786 μὲν
739 1716 848 1769 τῶν
901 1716 1076 1785 νεφῶν
1109 1716 1205 1780 τὰς
1250 1718 1465 1783 ὠδῖνας,
1500 1717 1694 1786 ἄγονον
1721 1718 1895 1771 δὲκε-

1997 535 2131 588 setis
2151 574 2164 596 ,
2198 546 2266 587 ne
2297 532 2381 586 his
2410 533 2628 603 quidem
2657 532 2743 588 usi
2772 530 2959 587 fuistis
2985 569 2999 594 ,
3041 530 3305 602 quoniam
3330 544 3394 584 ex
3426 530 3570 598 ipsis

1996 622 2361 690 receptaculis
2395 636 2460 675 ea
2495 620 2783 693 dissipavi.
3328 692 3333 695 _

2071 732 2089 763 ι
2120 714 2488 780 Quamobrem
2528 715 2644 769 hrcc
2682 717 2820 770 dicit
2860 713 3128 769 Dominus
3171 716 3563 785 omnipotens:

1999 800 2215 875 1584
2247 801 2383 869 Quia
2413 802 2611 858 domus
2642 818 2760 857 mea
2794 803 3016 858 deserta
3046 808 3163 867 est,
3191 809 3247 853 ct
3277 813 3375 854 vos
3408 798 3570 853 festi-

1996 896 2140 948 natis
2184 894 2568 965 unusquisque
2619 895 2673 947 in
2722 892 2945 949 domum
2983 908 3163 948 suam.
3214 890 3426 963 (Vens.
3465 891 3567 953 10,

1997 985 2083 1041 Η.
2109 986 2127 1054 )
2158 983 2394 1055 Propter
2431 985 2533 1039 hoc
2568 985 2886 1042 retinebunt
2919 985 3045 1041 caali
3081 999 3262 1039 rorem
3285 1024 3301 1049 ,
3335 991 3391 1038 et
3418 990 3571 1038 terra

1997 1077 2286 1133 subtrahet
2314 1079 2563 1149 germina
2598 1093 2719 1134 sua.
2758 1077 2822 1132 Et
2858 1079 3129 1133 adducam
3162 1092 3330 1148 super
3364 1084 3570 1133 terram

1997 1168 2282 1237 gladium,
2316 1177 2371 1222 et
2402 1185 2570 1240 super
2600 1177 2851 1235 montes,
2896 1178 2955 1224 et
2998 1184 3164 1239 super
3200 1167 3447 1223 triticum
3468 1208 3484 1232 ,
3519 1175 3575 1220 α

1999 1274 2165 1328 super
2207 1263 2427 1326 oleum,
2474 1270 2528 1314 et
2570 1275 2911 1332 quaecunque
2964 1260 3176 1331 profert
3232 1259 3474 1321 humus,
3516 1268 3577 1311 et

1998 1366 2164 1420 super
2191 1351 2444 1407 homines
2466 1392 2479 1416 ,
2506 1362 2561 1407 et
2588 1368 2754 1424 super
2781 1353 3033 1423 jumenta
3059 1394 3074 1420 ,
3102 1363 3157 1408 et
3189 1368 3357 1423 super
3386 1366 3576 1407 omnes

1997 1443 2215 1498 labores
2237 1457 2501 1498 manuum
2525 1460 2737 1501 eorum.
2753 1445 3263 1512 {Quemadmodum
3289 1443 3436 1498 enim
3456 1441 3576 1496 cul-

2000 1544 2090 1592 tus
2131 1536 2237 1591 mci
2289 1552 2388 1593 vos
2424 1552 2615 1592 curam
2644 1539 2927 1610 negligitis
2949 1578 2964 1602 ,
2997 1547 3054 1593 et
3090 1539 3141 1592 in
3174 1536 3435 1592 domibus
3477 1548 3573 1588 ve-

1999 1628 2132 1684 stris
2161 1628 2500 1687 accurandis
2529 1629 2834 1701 impensam
2872 1646 3096 1701 operam
3133 1630 3373 1702 ponitis:
3409 1628 3491 1684 sic
3520 1636 3575 1681 et

2000 1718 2115 1790 ipse
2149 1720 2370 1791 pluvias
2403 1721 2471 1776 de
2506 1722 2749 1778 nubibus
2793 1723 3086 1789 inhibebo,
3136 1732 3340 1778 terram
3390 1728 3574 1776 autem

318 1783 496 1862 λεὺσω
514 1783 768 1878 γενέσθαι
789 1807 889 1880 τὴν
909 1783 1013 1879 γῆν
1038 1825 1050 1836 ·
1083 1808 1180 1881 τὴν
1205 1809 1263 1863 δὲ
1293 1783 1618 1880 κολαστικήν
1644 1810 1899 1897 δύναμιν,

2005 1783 2246 1866 sterilem
2291 1812 2410 1868 ﬁeri
2445 1813 2687 1884 jubebo,
2738 1783 3104 1886 ultricemque
3147 1812 3452 1869 vindictam
3482 1809 3573 1865 in-

317 1900 571 1972 καθάπερ
620 1899 743 1954 τινὰ
797 1900 1095 1972 ῥομφαίαν,
1147 1901 1209 1954 οὐ
1256 1901 1418 1973 μόνον
1463 1902 1604 1956 κατὰ
1659 1901 1769 1956 τῶν
1796 1902 1900 1971 τῆς

318 1992 426 2064 γῆς
450 1994 635 2061 ἐπάξω
660 1993 909 2064 καρπῶν,
961 1993 1099 2047 άλλά
1154 1995 1248 2048 καὶ
1282 1995 1424 2048 κατὰ
1449 1994 1557 2047 τῶν
1604 1993 1901 2065 ὲργαζομέ·

317 2100 428 2139 νων
481 2084 687 2155 ταύτην
744 2082 1085 2155 ἀνθρώπων·
1146 2087 1467 2157 κοινωνήσει
1505 2086 1563 2140 δὲ
1593 2087 1772 2151 αὑτοῖς
1799 2087 1898 2158 τῆς

316 2174 592 2246 τιμωρίας
619 2176 710 2228 καὶ
736 2175 804 2253 τά
834 2177 915 2239 εἰς
969 2176 1068 2244 τὴν
1108 2175 1312 2228 τούτων
1347 2176 1644 2247 ὑπουργίαν
1666 2192 1898 2245 γεγενη-

318 2268 463 2339 μένα
524 2268 720 2339 κτήνη.
781 2266 966 2322 Ταῦτα
1017 2266 1075 2320 δὲ
1119 2267 1147 2321 6
1197 2267 1306 2321 τῶν
1347 2267 1486 2321 ὅλων
1518 2266 1649 2330 Θεὸς
1687 2266 1899 2320 ἀπειλεῖ

319 2359 589 2429 ποιήσειν,
646 2358 734 2411 διὰ
795 2358 893 2428 τὴν
952 2358 1081 2429 περὶ
1118 2357 1209 2410 τὸν
1257 2357 1399 2411 θεῖον
1438 2354 1585 2411 οἷκον
1616 2358 1895 2429 ἀμέλειαν,

318 2448 422 2517 οὐχ
462 2447 538 2510 ὡς
593 2446 803 2500 ἐκείνου
842 2446 1117 2517 δεόμενος·
1154 2445 1276 2499 οὔτε
1326 2449 1433 2518 γὰρ
1462 2448 1690 2519 οὑρανοῦ
1727 2449 1897 2501 δεῖται

318 2538 431 2591 τῶν
468 2538 605 2591 ὅλων
656 2539 685 2590 6
746 2538 997 2608 ποιητὴς,
1042 2537 1224 2592 πάντα
1259 2537 1317 2590 δὲ
1352 2537 1442 2591 διὰ
1490 2538 1898 2608 φιλανθρωπίαν

321 2629 720 2702 ἐδημιούργησε
787 2630 952 2700 μόνην
974 2646 985 2656 ·
1017 2627 1151 2683 ἀλλὰ
1184 2629 1278 2681 καὶ
1304 2629 1483 2682 αὑτῶν
1523 2629 1745 2682 ἐκείνων
1773 2631 1896 2683 ἐπι-

324 2721 679 2793 μελούμενος,
716 2721 810 2775 καὶ
851 2722 949 2791 τῆς
1003 2721 1275 2792 σωτηρίας
1301 2720 1478 2773 αὑτῶν
1520 2719 1899 2793 προμηθούμε-

320 2830 435 2877 νος,
469 2812 560 2866 τὸν
591 2812 725 2866 νεὼν
764 2812 1186 2884 οἰκοδομηθῆναι
1239 2812 1471 2879 κελεύει,
1503 2802 1664 2865 ἵν”ὲν
1704 2812 1897 2884 ἐκείνῳ

320 2898 416 2961 τὸν
444 2906 607 2977 νόμον
635 2904 988 2976 πληροῦντες,
1034 2906 1134 2976 τὴν
1178 2904 1427 2958 ἐντεῦθεν
1462 2904 1731 2972 ὠφέλειαν
1761 2920 1897 2975 καρ-

324 2997 638 3064 πώσωνται,
697 2999 791 3052 καὶ⁸
846 2998 944 3070 τὴν
986 3000 1213 3070 νομικὴν
1258 2997 1513 3069 λατρείαν
1537 2997 1642 3061 ἓως
1673 2997 1772 3068 τῆς
1801 2994 1895 3050 τοῦ

324 3092 664 3163 κληρονόμου
716 3091 1039 3161 παρουσίας,
1093 3090 1233 3144 κατὰ
1255 3089 1345 3143 τὸν
1370 3089 1512 3142 θεῖον
1539 3088 1890 3154 ’Δπόστολον,
1923 3116 1967 3174 C

327 3181 693 3238 ἐπιτελεῖσθαι
727 3181 1049 3251 βουλόμενος
1074 3199 1087 3212 ·
1142 3181 1279 3252 μετὰ
1325 3179 1435 3249 γάρ
1466 3180 1563 3250 τὴν
1595 3178 1689 3232 τοῦ
1715 3178 1898 3247 Σωτῆ-

326 3294 421 3350 ρος
446 3278 603 3347 ήμῶν
624 3275 1057 3345 ὲνανθρώπησιν,
1084 3275 1181 3343 τῆς
1203 3275 1409 3344 Καινῆς
1454 3272 1729 3342 Διαθήκης
1765 3272 1897 3324 ἁνα-

327 3366 612 3437 φανείσης,
643 3364 804 3417 ἔλαϐε
837 3364 987 3427 τέλος
1043 3365 1075 3433 ή
1120 3363 1353 3429 Παλαιὰ,
1381 3363 1474 3415 καὶ
1499 3364 1527 3414 6
1558 3360 1901 3429 παιδαγωγὸς

328 3458 494 3528 νόμος
533 3456 624 3510 τὸν
675 3456 984 3526 σοφώτατον
1032 3456 1163 3526 ἡμῖν
1234 3453 1519 3519 ὑποδείξας
1573 3454 1901 3507 Διδάσκαλον

328 3551 703 3621 ὑπεχώρησεν,
738 3548 1014 3613 ὡςοὺκέτι
1069 3549 1177 3602 τῶν
1208 3549 1299 3600 ὑπ’
1343 3546 1507 3600 αὑτοῦ
1543 3546 1900 3617 παιδαγωγη-

322 3644 532 3696 θέντων
564 3643 659 3712 τῆς
686 3640 1056 3712 στοιχειώδους
1090 3639 1400 3707 εἰσαγωγῆς
1429 3637 1593 3690 αὑτοῦ
1612 3638 1898 3708 δεομένων.

343 3734 667 3803 ’Δλλ’ήμεῖς
720 3734 799 3794 είς
847 3730 944 3801 τὴν
1009 3728 1328 3783 ἀκολουθίαν
1384 3726 1769 3796 ἐπανέλθωμεν
1802 3727 1902 3796 τῆς
1950 3773 1954 3777 ,

329 3823 668 3895 προφητείας
718 3822 941 3892 ταύτης.
986 3820 1348 3884 ’Λκούσαντες
1399 3821 1496 3891 τῆς
1534 3820 1764 3888 ἀπειλῆς
1790 3820 1818 3871 ὃ
1843 3835 1902 3869 τε

329 3915 654 3986 Ζοροϐάϐελ,
690 3916 782 3968 καὶ
817 3912 1023 3985 Ἰησοῦς
1057 3915 1085 3966 ὁ
1131 3912 1443 3983 ἀρχιερεὺς,
1470 3910 1564 3965 καὶ
1595 3911 1623 3962 6
1649 3910 1753 3962 ὑπὸ
1782 3908 1902 3961 τού-

328 4023 438 4061 των
503 4006 922 4076 ποιμαινόμενος
968 4004 1128 4068 λεὼς,
1178 4003 1331 4066 δέους
1383 4001 1481 4072 μὲν
1531 3999 1899 4070 ἐπλήσθησαν,

329 4095 481 4164 εἶξαν
528 4097 585 4149 δὲ
626 4099 739 4158 τοῖς
793 4094 897 4148 ὑπὸ
929 4094 1020 4146 τοῦ
1084 4096 1363 4164 προφήτου
1413 4091 1899 4160 τεθεσπισμένοιςο

330 4188 643 4259 παραυτίκα
673 4188 731 4241 δὲ
758 4188 786 4240 ὀ
817 4185 1199 4255 φιλάνθρωπος
1223 4183 1500 4253 Δεσπότης
1518 4223 1534 4247 ,
1565 4182 1627 4234 τὸ
1652 4179 1904 4241 εὐπειθὲς

328 4280 511 4336 αὐτῶν
536 4278 887 4348 θεασάμενος,
917 4276 1004 4329 διὰ
1048 4274 1140 4328 τοῦ
1200 4275 1476 4344 προφήτου
1530 4272 1658 4341 βοᾷ·
1701 4289 1719 4320 ι
1763 4268 1905 4336 Ἐγώ

329 4374 446 4444 εἰμι
472 4373 589 4443 μεθ’
622 4370 794 4442 ὑμῶν,
830 4370 975 4437 λέγει
1008 4368 1231 4440 Κύριος.
1289 4386 1307 4417 ι
1330 4366 1592 4435 Θαρῥεῖτε
1622 4364 1688 4427 τ’,
1716 4362 1899 4430 φησὶν,

324 4468 405 4531 ὡς
436 4465 693 4537 συνεργόν
721 4482 787 4535 με
827 4464 923 4517 καὶ
957 4462 1149 4533 βοηθὸν
1184 4460 1420 4532 ἔχοντες.

402 4557 488 4611 ιδ’.
533 4574 552 4608 t
583 4559 692 4610 Καὶ
720 4556 970 4626 ἐξήγειρε
998 4555 1201 4625 Κὺριος
1241 4554 1302 4606 τὸ
1338 4551 1558 4620 πνεῦμα
1593 4547 1901 4619 Ζοροϐάϐελ

329 4648 425 4703 τοῦ
453 4647 724 4719 Σαλαθιήλ
756 4649 819 4701 ὲκ
849 4647 1022 4716 φυλῆς
1058 4646 1245 4709 Ἰοὺδα,
1269 4646 1363 4698 καὶ
1383 4643 1443 4696 τὺ
1472 4642 1690 4711 πνεῦμα
1727 4638 1900 4707 Ἰησοῦ

331 4737 423 4791 τοῦ
460 4737 724 4801 Ἰωσεδὲκ,
754 4736 847 4790 τοῦ
881 4736 1070 4807 ἱερέως
1094 4735 1187 4789 τοῦ
1222 4733 1477 4804 μεγάλου,
1514 4733 1608 4785 καὶ
1641 4731 1701 4784 τὸ
1734 4728 1899 4782 πνεῦ-

334 4846 412 4900 μα
433 4827 541 4882 τῶν
564 4828 903 4882 καταλείπων
927 4826 1124 4889 παντὸς
1141 4827 1188 4858 ⁷³
1214 4826 1306 4879 τοῦ
1335 4823 1486 4891 λαοῦ,
1513 4825 1607 4878 καὶ
1632 4821 1899 4892 εἰσῆλθον,

336 4921 427 4973 καὶ
452 4920 671 4972 ἐποίουν
703 4919 772 4971 τά
814 4919 950 4989 ἔργα
980 4917 1130 4970 ὲπὶτδ
1173 4917 1250 4987 τῷ
1284 4915 1418 4985 οἴκῳ
1459 4914 1664 4985 Κυρίου
1699 4929 1899 4965 παντο-

335 5010 599 5080 κράτορος
625 5009 760 5062 Θεοῦ
792 5010 989 5064 αὑτῶν.

869 5101 1258 5153 ΚΕΦΑΛΑΙΟΝ
1300 5100 1372 5151 B’.

403 5197 472 5245 α’.
520 5211 537 5243 ι
569 5194 647 5264 Τῇ
674 5192 888 5262 τετράδι
920 5193 1011 5244 καὶ
1039 5192 1212 5245 εἰκάδι
1240 5190 1333 5243 τοῦ
1360 5190 1525 5260 μηνὸς
1553 5188 1644 5240 τοῦ
1669 5187 1849 5243 ἕκτου.
1880 5206 1897 5238 ι

349 5279 626 5334 Ἐντεῦθεν
656 5281 841 5350 σαφῶς
869 5280 1285 5351 μεμαθήκαμεν,
1319 5279 1393 5341 ὡς
1422 5276 1581 5338 εὐθὺς
1610 5272 1904 5344 προαιρού-

408 5399 437 5426 ιι
470 5387 648 5443 Galat.
683 5405 740 5443 ut
810 5392 899 5458 24,
930 5391 1018 5444 9.3.

2002 1910 2120 1957 star
2165 1903 2373 1974 gladii,
2409 1920 2517 1959 non
2567 1905 2733 1960 modo
2767 1914 2927 1962 terra:
2979 1905 3250 1961 fructibus
3290 1903 3573 1975 indigam,

2001 1995 2098 2049 sed
2128 1995 2298 2050 etiam
2329 1995 2498 2067 hujus
2529 1996 2868 2063 cultoribus,
2897 1996 3262 2063 hominibus;
3292 2004 3347 2050 et
3382 2007 3575 2066 partas

2000 2098 2126 2140 cum
2156 2086 2237 2143 eis
2268 2082 2684 2157 participabunt
2713 2088 2881 2141 etiam
2915 2103 2977 2141 ea
3005 2102 3129 2161 quae
3157 2087 3224 2141 ad
3251 2086 3448 2141 horum
3477 2083 3575 2138 ob-

1998 2177 2253 2247 sequium
2288 2186 2420 2232 nata
2455 2186 2587 2235 sunt
2609 2178 2885 2249 jumenta.
2925 2177 3051 2233 Harc
3080 2189 3264 2234 autem
3296 2193 3359 2234 se
3392 2176 3575 2233 factu-

2000 2283 2125 2322 rum
2155 2268 2302 2324 Deus
2329 2269 2719 2326 universorum
2750 2272 3018 2336 minatur,
3048 2270 3177 2341 quia
3198 2270 3444 2325 divinam
3475 2271 3577 2326 do-

2002 2375 2154 2414 mum
2189 2361 2589 2431 neglexerant:
2643 2375 2752 2417 non
2800 2360 2946 2431 quod
2981 2361 3073 2415 illa
3105 2370 3297 2432 egeat,
3326 2376 3450 2416 nam
3478 2377 3579 2417 ne-

2002 2467 2108 2521 que
2134 2453 2272 2507 coelo
2301 2452 2512 2523 indiget
2541 2454 2586 2507 is
2614 2453 2708 2523 qui
2736 2452 2983 2508 omnium
3013 2461 3231 2508 creator
3256 2461 3376 2517 est,
3396 2461 3458 2508 et
3480 2455 3576 2524 qui

2000 2543 2186 2597 omnia
2233 2559 2298 2597 ex
2339 2544 2454 2599 sola
2496 2544 2877 2598 misericordia
2920 2543 3093 2597 fecit:
3126 2544 3221 2599 sed
3253 2559 3445 2598 eorum
3470 2560 3574 2613 po~

2000 2632 2110 2686 tius
2144 2646 2334 2685 curam
2378 2648 2607 2701 gerens,
2638 2640 2692 2687 et
2723 2632 2955 2688 salutem
3003 2646 3191 2686 eorum
3229 2645 3573 2700 procurans,

1994 2724 2258 2794 templum
2292 2722 2554 2777 aadilicari
2600 2722 2793 2793 jubet,
2845 2731 2924 2787 ut,
2976 2723 3150 2794 legem
3174 2722 3572 2786 observantes,

2002 2815 2295 2871 utilitatem
2332 2814 2463 2870 inde
2506 2813 2764 2870 liuentem
2797 2814 3066 2885 capiant,
3117 2822 3173 2868 et
3218 2817 3370 2884 quod
3411 2813 3575 2871 vellet

1999 2908 2231 2979 legalem
2261 2906 2468 2963 cultum
2499 2922 2674 2978 usque
2701 2906 2773 2962 ad
2796 2907 3090 2963 adventum
3125 2905 3391 2973 lia-redis,
3412 2906 3573 2976 juxta

1999 2997 2242 3054 divinum
2276 2998 2604 3069 Apostolum
2631 3038 2647 3064 ,
2691 2998 2995 3055 observari.
3030 2997 3166 3052 Nam
3211 3005 3337 3068 post
3382 2994 3575 3051 Salva-

1999 3090 2140 3147 toris
2165 3089 2341 3145 nostri
2370 3089 2808 3145 incarnationem
2831 3129 2846 3154 ,
2870 3087 3025 3145 Novo
3044 3087 3396 3145 Testamento
3416 3095 3574 3158 pate-

2003 3182 2185 3248 facto,
2222 3180 2393 3237 Vetus
2421 3184 2580 3237 linem
2609 3189 2832 3237 nactum
2862 3188 2987 3246 est,
3021 3190 3076 3236 et
3103 3181 3192 3235 lex
3224 3180 3571 3251 pedagogos,

2002 3274 2095 3329 ubi
2130 3273 2607 3343 sapientissimum
2643 3272 3045 3344 Praeceptorcm
3080 3272 3243 3328 nobis
3278 3270 3571 3336 indicavit,
3652 3338 3655 3341 _

1998 3363 2241 3418 excessit
2261 3371 2287 3400 ιι
2313 3377 2329 3417 :
2357 3377 2423 3419 eo
2449 3363 2598 3433 quod
2622 3364 2715 3434 qui
2742 3366 2813 3419 ab
2836 3378 2897 3419 ea
2926 3362 3137 3434 1585
3162 3362 3393 3418 fuissent
3417 3362 3576 3419 insti-

2004 3454 2107 3509 tuti
2128 3493 2144 3519 ,
2179 3470 2290 3509 non
2320 3463 2552 3525 egerent
2596 3456 2839 3526 amplius
2883 3455 3284 3510 elementorum
3313 3451 3574 3510 introdu-

2000 3544 2208 3601 ctione.
2243 3542 2357 3616 [i2]
2403 3543 2509 3599 Sed
2554 3544 2622 3598 ad
2671 3558 2737 3598 ea
2787 3558 2911 3614 quae
2946 3544 2999 3597 in
3036 3542 3327 3614 prophetia
3357 3544 3461 3598 ista
3489 3558 3576 3599 se-

2000 3644 2274 3708 quuntur,
2325 3637 2638 3693 redeamus.
2696 3636 2833 3694 Cum
2895 3636 3037 3691 hanc
3094 3635 3575 3692 comminationem‘

2002 3728 2291 3784 audissent
2316 3726 2625 3784 Zorobabel
2654 3735 2710 3781 et
2735 3726 2904 3784 Josua
2934 3727 3195 3784 sacerdos
3226 3743 3457 3798 magnus
3476 3767 3493 3793 ,
3521 3736 3578 3783 et

2003 3821 2098 3890 qui
2135 3820 2201 3874 ab
2232 3820 2317 3875 bis
2350 3820 2643 3889 regebatur
2675 3820 2954 3890 pepulus,
2990 3819 3044 3874 in
3081 3821 3325 3875 maximo
3357 3819 3576 3890 quidem

2006 3912 2200 3966 timore
2233 3910 2452 3966 fuerunt
2476 3951 2492 3976 ,
2540 3921 2706 3980 atque
2739 3911 2826 3965 his
2860 3926 2981 3981 qua:
3012 3926 3040 3965 a
3072 3911 3339 3984 propheta
3374 3926 3580 3981 praece-

2006 4016 2093 4074 pta
2148 4006 2369 4061 fuerant
2405 4014 2737 4077 paruerunt.
2771 4005 2891 4078 [13}
2918 4005 3186 4063 Dominus
3237 4016 3418 4062 autem
3472 4007 3578 4061 mi-

2006 4097 2283 4161 sericors,
2333 4098 2519 4153 statim
2574 4106 2634 4151 ut
2679 4096 2818 4152 vidit
2849 4112 3043 4151 eorum
3090 4098 3158 4152 ad
3208 4098 3576 4153 obetliendum

2005 4188 2173 4241 animi
2200 4188 2621 4257 propensionem
2643 4226 2659 4251 ,
2684 4203 2781 4257 per
2804 4188 3126 4257 prophetam
3154 4188 3392 4242 clamat:
3420 4208 3438 4239 ι
3463 4187 3576 4256 Ego

2006 4278 2291 4332 vobiscum
2323 4294 2478 4344 sum,
2505 4280 2645 4333 dicit
2677 4278 2966 4333 Dominus.
2996 4299 3015 4332 ι
3036 4278 3333 4344 Conﬁdite,
3362 4280 3571 4349 inquit,

2005 4368 2267 4435 quoniam
2309 4383 2414 4435 me,
2444 4378 2499 4422 et
2540 4369 2728 4437 aperis
2761 4370 3109 4440 participem,
3159 4378 3214 4422 et
3264 4371 3575 4439 adiutorem

1932 4451 1974 4505 D
2006 4457 2238 4512 habetis.

2080 4547 2248 4603 Vens.
2300 4549 2387 4603 M.
2429 4568 2449 4601 ι
2491 4555 2508 4574 '
2542 4550 2606 4604 Et
2656 4553 2953 4608 suscitavit
2999 4552 3266 4609 Dominus
3314 4554 3571 4624 spiritum

2009 4640 2366 4697 Zorobabelis
2393 4641 2493 4696 ﬁlii
2522 4642 2835 4700 Salathielis
2856 4686 2870 4709 ,
2896 4660 2962 4700 ex
2989 4644 3133 4699 tribu
3157 4643 3311 4700 Juda-
3332 4685 3348 4711 ,
3380 4652 3436 4699 et
3464 4647 3577 4715 spi~

2006 4732 2175 4786 ritum
2222 4730 2407 4787 Josua:
2452 4734 2546 4788 lilii
2592 4733 2845 4791 Josedeci
2871 4776 2885 4801 ,
2928 4734 3236 4791 sacerdotis
3270 4736 3485 4805 magni,
3521 4743 3577 4791 et

2008 4823 2261 4894 Spiritum
2297 4826 2644 4896 reliquorum
2678 4826 2745 4881 de
2772 4827 2925 4881 omni
2964 4827 3200 4896 populo,
3242 4835 3297 4883 et
3341 4827 3578 4898 ingressi

2010 4922 2179 4980 sunt,
2221 4927 2277 4971 et
2323 4916 2602 4974 faciebant
2637 4934 2807 4987 opera
2840 4918 2895 4973 in
2931 4919 3098 4974 domo
3134 4918 3349 4975 Domini
3397 4919 3579 4975 omni-

2006 5007 2247 5076 potentis
2276 5007 2369 5064 Dei
2397 5011 2504 5066 sui.
2535 5030 2554 5061 ι

2624 5101 2853 5156 CAPUT
2894 5101 2957 5156 II.

2081 5184 2243 5243 Vens.
2282 5189 2378 5243 ί.ι‹
2410 5189 2502 5243 Die
2537 5190 2807 5247 vicesimo
2855 5204 3052 5263 quarto
3105 5195 3313 5248 mensis
3363 5191 3522 5246 sexti.
3554 5208 3573 5239 ι

1983 5278 2147 5343 ⁸ιιίιια
2202 5282 2362 5350 plane
2390 5282 2653 5339 discitnus
2688 5300 2789 5340 nos
2810 5326 2825 5351 ,
2852 5286 3016 5341 simul
3045 5302 3109 5341 ac
3137 5286 3277 5340 bona
3303 5282 3578 5352 eligimus,

1636 5498 1867 5553 VARI/1‘3
1910 5497 2317 5556 LECTIONES.

408 5658 453 5691 θ’
481 5655 595 5723 λὲγ.
621 5659 662 5707 Α
698 5670 877 5717 prtem.
907 5657 1049 5707 τάδε.
1129 5656 1172 5685 θ’
1195 5658 1234 5708 Α
1272 5656 1663 5710 ὑπτστελεῖται.

340 5728 609 5781 τδνοῖνον.
654 5726 697 5756 ⁷⁸
735 5728 822 5775 ἐπὶ
846 5727 1035 5777 tam.
1076 5726 1195 5778 Des.
1234 5728 1284 5777 in
1321 5728 1380 5778 Α.
1462 5729 1504 5758 τί
1530 5729 1567 5781 C
1597 5730 1880 5799 Θαρσεῖτε.

653 5819 913 5878 ΡΑτιιω..
960 5820 1070 5879 Gn.
1115 5818 1362 5879 LXXXI.

1758 5658 1800 5688 ⁶⁹
1833 5661 1919 5725 ἐφ.
1971 5663 2065 5731 ὑμ.
2097 5662 2218 5719 Des.
2259 5663 2313 5717 in
2345 5666 2410 5718 Λ.
2487 5666 2531 5696 το
2561 5666 2654 5716 καὶ
2685 5667 2795 5727 ἐπὶ,
2830 5683 2883 5717 κ.
2914 5683 2963 5717 τ.
3000 5665 3045 5719 λ.
3070 5667 3111 5716 Α
3143 5679 3329 5731 prtem.
3363 5663 3457 5720 καὶ
3492 5664 3578 5715 ἐπὶ

1960 5733 2004 5763 ⁷³
2037 5734 2195 5788 πάντ.
2230 5734 2351 5790 Des.
2389 5735 2442 5788 in
2475 5737 2537 5789 Α.
2606 5735 2664 5805 7³
2702 5738 2715 5787 ἐ

2702 5737 2813 5788 ἐπί.
2849 5735 2989 5785 Λέν.

3031 5827 3101 5889 δη
