3956 6202
363 197 402 210 κ

419 351 552 417 1367

1412 348 1896 408 'l‘llEODUBETl
1940 346 2276 406 EPISCOPI
2316 345 2678 407 CYRENSIS

3533 341 3676 406 1868

415 463 656 518 divinum
692 460 957 515 auxilium
985 458 1200 528 assequi
1230 477 1243 524 ;
1278 473 1401 512 nam
1428 469 1481 513 et
1512 461 1562 512 hi
1596 469 1654 512 ut
1684 459 1748 511 ad
1786 459 1984 510 Imaum

2095 475 2242 526 μενοι
2275 457 2340 510 τά
2385 458 2564 525 ἀγαθά
2599 458 2697 527 τῆς
2732 456 2880 522 θείας
2919 458 3238 528 ἐπικουρίας
3277 453 3629 526 τυγχάνομεν
3658 473 3672 485 ·

415 557 821 609 ini-linaverunt
843 593 856 616 ,
883 551 1128 605 divinum
1157 567 1491 605 consensum
1523 552 1705 621 adepti
1736 559 1861 604 sunt
1889 588 1904 610 ,
1935 556 1989 602 et

415 650 718 703 alacriores
752 647 878 702 illos
912 645 1099 698 divina
1131 647 1308 716 gratia
1345 645 1469 699 fecit
1503 665 1514 698 :
1554 646 1627 698 ita
1665 655 1721 696 ut
1754 644 1990 697 :cdilica-

417 743 618 794 tionem
677 737 1000 792 inchoarent
1049 737 1136 790 die
1192 736 1460 791 vicesimo
1518 745 1719 803 quarto
1779 733 1988 786 mensis

415 829 597 894 (sexti
627 830 678 896 ),
707 839 833 881 eum
871 828 1048 896 primo
1081 825 1172 881 die
1206 826 1414 879 mensis
1451 824 1796 895 prophetiam
1831 837 1988 874 aere-

415 922 646 989 pissent.
678 917 825 991 [2-4]
865 918 1057 972 Postea
1093 933 1290 972 rursus
1322 917 1544 985 septimo
1577 930 1752 968 mense
1787 927 1990 983 praere-

415 1014 494 1083 pit
523 1011 787 1064 Dominus
824 1010 1104 1081 propheta:
1149 1009 1260 1063 hmc
1291 1009 1452 1062 verba
1484 1009 1551 1061 ad
1582 1023 1676 1062 eos
1706 1007 1984 1080 perferre:

419 1123 436 1150 ι
469 1101 604 1166 Quis
659 1115 723 1154 ex
1013 1097 1170 1152 vobis
1221 1105 1306 1153 est
1358 1098 1454 1168 qui
1510 1095 1708 1150 viderit
1764 1095 1986 1148 domum

417 1195 577 1246 istam
623 1193 677 1245 in
707 1192 882 1264 gloria
937 1203 1034 1244 sua
1068 1189 1292 1258 prima?
1319 1195 1374 1243 et
1399 1187 1680 1258 quomodo
1714 1203 1811 1240 vos
1845 1199 1990 1237 mine

415 1285 617 1338 videtis
645 1299 765 1337 eam
802 1281 958 1352 quasi
1007 1296 1116 1334 non
1148 1281 1220 1334 sit
1253 1294 1438 1345 coram
1475 1279 1676 1333 vobis?
1706 1297 1722 1329 ι
1755 1277 1856 1342 Qui
1895 1293 1990 1346 po-

420 1375 608 1438 lt'slis,
646 1389 770 1428 cum
802 1373 1039 1442 priorem
1071 1369 1192 1441 ejus
1225 1371 1565 1424 nobilitatem
1606 1369 1986 1440 splendorem-

416 1483 524 1537 que.
573 1465 972 1527 recordamini,
1017 1471 1224 1516 tantam
1274 1478 1420 1515 nunc
1465 1461 1589 1531 ejus
1633 1459 1986 1515 solitudinem

415 1561 707 1617 contueri?
733 1559 780 1614 si
812 1559 905 1629 qui
939 1555 1082 1610 forte
1114 1571 1179 1609 ex
1220 1554 1376 1610 vobis
1409 1553 1476 1610 ad
1521 1554 1669 1607 hunc
1713 1551 1859 1607 diem
1901 1568 1987 1605 re-

417 1665 562 1707 stant
593 1653 659 1706 ab
690 1652 783 1705 illo
816 1660 1063 1719 tempore
1095 1647 1453 1716 superstites.

489 1831 649 1885 \‘sns.
684 1831 748 1896 5,
777 1829 830 1884 6.
859 1847 878 1880 ι
912 1827 975 1882 Ει
1006 1841 1150 1882 nunc
1179 1824 1517 1886 confortare,
1540 1819 1843 1876 Zorobalicl
1865 1859 1879 1882 ,
1902 1819 1985 1874 di-
2017 1809 2057 1863 Β

415 1945 432 1975 ι
452 1925 490 1975 it
520 1921 800 1985 lioniinus,
823 1927 875 1974 et
903 1917 1234 1981 eonfortare,
1265 1913 1455 1979 Josua,
1484 1913 1558 1967 illi
1583 1909 1830 1968 Josedcci
1853 1949 1868 1974 ,
1899 1923 1989 1963 sa-

416 2015 608 2067 eerdos
643 2029 868 2084 magne,
900 2021 953 2066 et
987 2009 1338 2064 confortetur
1368 2004 1552 2060 omnis
1596 2004 1838 2074 populus
1871 2009 1986 2054 ter-

418 2122 519 2168 rae,
550 2106 685 2159 dicit
721 2104 986 2158 Dominus
1011 2143 1024 2167 ,
1067 2108 1123 2156 et
1161 2100 1324 2154 facite
1345 2141 1359 2163 ,
1391 2099 1654 2168 quoniam
1701 2095 1984 2149 vobiscum

417 2211 536 2250 sum
559 2238 573 2262 ,
601 2194 734 2248 dicit
761 2191 1024 2247 Dominus
1054 2190 1426 2258 omnipotens.
1454 2184 1520 2239 Et
1547 2184 1774 2240 verbum
1805 2197 1985 2236 meum

417 2286 560 2356 quod
593 2283 769 2354 pepigi
799 2281 1108 2346 vobiscum,
1161 2293 1288 2333 cum
1320 2275 1718 2349 egredercmini
1747 2273 1815 2327 de
1841 2283 1985 2326 terra

418 2377 666 2448 igniti,
721 2385 773 2429 ct
827 2373 1065 2443 Spiritus
1113 2385 1268 2427 meus
1318 2369 1496 2423 astitit
1545 2369 1598 2422 in
1653 2367 1839 2420 medio
1886 2381 1984 2418 vc-

417 2481 618 2522 strum.
652 2485 668 2517 ι
697 2465 856 2520 Omni
887 2463 1122 2535 segnitie
1148 2472 1202 2518 et
1236 2467 1381 2516 metu
1411 2475 1649 2515 excusso
1672 2503 1686 2524 ,
1720 2457 1986 2526 suscipite

419 2559 583 2614 ioliur
617 2557 760 2628 quod
794 2558 950 2612 vobis
999 2554 1248 2612 suilicio:
1288 2562 1342 2608 et
1392 2567 1478 2607 me
1530 2567 1627 2622 per
1677 2551 1813 2620 legis
1860 2564 1987 2602 san-

403 2654 652 2704 ‘rtionem
681 2643 834 2703 vobis
867 2648 1061 2702 adesse
1093 2687 1108 2712 ,
1130 2655 1186 2703 et
1217 2644 1554 2701 sanctissimi
1584 2643 1828 2712 Spiritus
1859 2655 1983 2709 grao

417 2746 548 2795 tiam
595 2755 690 2795 vos
744 2739 883 2794 tueri
929 2738 1158 2793 credite.
1211 2733 1276 2789 Et
1325 2733 1587 2804 quoiiiam
1624 2731 1796 2784 multa
1829 2735 1987 2783 erant

417 2849 538 2902 qua:
581 2832 910 2896 obstabant,
958 2837 1012 2884 et
1059 2839 1390 2900 paupertas,
1439 2834 1494 2880 et
1538 2822 1984 2877 necessariorum

419 2925 676 2993 penuria,
713 2930 764 2976 et
799 2922 1156 2976 ﬁnitimorum
1189 2917 1568 2980 incursiones,
1606 2927 1758 2968 recte
1791 2913 1940 2966 addit
1969 2929 1982 2964 :

492 3121 508 3152 ι
544 3100 846 3162 Conﬁdite,
877 3095 1082 3169 (Vens.
1113 3095 1165 3160 Ἰ,
1195 3096 1273 3165 8.)
1309 3093 1436 3164 quia
1461 3091 1579 3146 'nzee
1626 3091 1766 3144 dicit
1807 3089 1988 3144 Domi-

419 3207 526 3246 nus
586 3191 980 3257 omnipotens:
1034 3183 1227 3238 Adhuc
1281 3182 1453 3237 semel
1504 3193 1606 3250 ego
1661 3192 1986 3232 commoveo

417 3281 646 3344 coelum,
677 3289 732 3332 et
762 3286 965 3331 terram
987 3314 1001 3339 ,
1045 3282 1098 3328 et
1141 3287 1322 3337 mare,
1355 3281 1402 3327 et
1435 3271 1671 3325 aridam.
1720 3267 1783 3323 Et
1833 3281 1988 3322 com-

419 3372 649 3427 movebo
675 3383 865 3424 omnes
893 3374 1082 3437 gentes
1105 3404 1120 3429 ,
1149 3373 1206 3418 et
1241 3365 1464 3419 venient
1508 3363 1684 3416 electa
1733 3359 1803 3414 de
1849 3374 1985 3412 cun-

416 3465 521 3518 etis
555 3461 837 3532 gentibus,
893 3467 948 3512 ct
992 3457 1231 3526 implebo
1274 3456 1504 3510 domum
1559 3454 1723 3508 istam
1768 3451 1984 3523 gloria,

418 3557 554 3610 dicit
585 3554 848 3607 Dominus
889 3551 1262 3620 omnipotens.
1295 3569 1314 3601 ι
1347 3549 1418 3604 De
1465 3546 1618 3616 Gogo
1661 3556 1716 3601 et
1760 3544 1986 3615 Magogo

419 3650 521 3702 ista
569 3645 850 3713 prmdicit,
905 3645 1108 3712 quibus
1155 3655 1280 3695 eum
1333 3641 1534 3696 bellum
1589 3636 1986 3708 Hierosolyma

416 3754 540 3794 eum
573 3737 825 3808 plurimis
855 3736 1112 3806 gentibus
1137 3731 1344 3788 inferre
1371 3731 1832 3791 constituissent,
1869 3727 1987 3794 ipse

420 3829 691 3899 permisit,
730 3836 783 3880 ct
821 3841 946 3880 cum
983 3826 1038 3878 in
1067 3839 1127 3878 se
1157 3827 1171 3845 ‘
1206 3824 1442 3877 invicem
1471 3837 1568 3876 eos
1601 3825 1892 3880 armasset,
1924 3825 1986 3868 ut

419 3916 627 3972 mutuis
658 3911 898 3969 cmdibus
927 3913 1138 3982 1587
1175 3927 1235 3966 se
1266 3913 1603 3966 conﬁcerent
1631 3906 1842 3968 ellecit,
1893 3920 1986 3959 eo-

417 4021 649 4076 rumque
678 4005 904 4058 divitias
935 4004 1339 4057 aediﬁcantibus
1373 4001 1606 4071 largitus
1644 4007 1748 4052 est.
1795 3995 1862 4048 Et
1889 4009 1985 4048 au-

419 4101 572 4154 ribus
600 4094 936 4150 audientium
963 4093 1281 4158 consulens,

488 4183 726 4240 Vsns.9.
757 4203 774 4234 ι
825 4180 998 4236 Meum
1030 4193 1135 4246 est,
1161 4181 1359 4251 inquit,
1385 4187 1692 4248 argentum,
1715 4184 1770 4228 et
1804 4189 1982 4227 meum

416 4290 500 4334 est
549 4291 767 4342 aurum,
817 4275 950 4330 dicit
1017 4272 1278 4326 Dominus
1347 4265 1714 4333 omnipotens.
1781 4281 1800 4312 ι
1864 4260 1983 4315 Non

419 4372 594 4424 aliena
647 4369 702 4422 in
754 4383 887 4424 usus
924 4381 1074 4420 meos
1122 4373 1352 4426 usurpo,
1393 4354 1489 4410 sed
1519 4368 1636 4407 mea
1669 4367 1860 4408 rursus
1897 4369 1986 4406 re-

419 4461 565 4533 cipio
593 4480 607 4516 :
643 4461 766 4515 dedi
792 4461 872 4513 eis
913 4457 1154 4515 divitias,
1187 4449 1518 4505 liberalitate
1565 4460 1681 4500 mea
1712 4453 1908 4511 utens;
1932 4451 1984 4499 ct

415 4551 544 4620 quia
575 4550 889 4619 largitorem
931 4559 1038 4598 non
1075 4544 1472 4609 cognoverunt,
1505 4534 1630 4603 jure
1662 4533 1822 4587 donis
1850 4551 1980 4606 spo-

418 4642 532 4696 liati
559 4648 708 4695 sunt.

488 4731 656 4785 Vens.
689 4729 774 4784 lt).
810 4746 827 4778 ι
864 4725 931 4779 Ει
962 4723 1134 4791 tnajut‘
1157 4723 1264 4776 erit
1288 4724 1458 4791 gloria
1485 4722 1679 4776 domus
1703 4720 1859 4776 iStius
1887 4736 1986 4774 no-

415 4822 662 4880 vissima.
685 4833 848 4888 quam
879 4817 1051 4887 prior,
1081 4815 1216 4868 dicit
1248 4813 1513 4868 Dominus
1541 4813 1912 4881 omnipotens.
1959 4829 1978 4860 ›

418 4911 536 4964 Non
565 4909 938 4982 magnitudine
977 4915 1031 4962 et
1073 4907 1483 4978 pulchritudine
1509 4905 1723 4960 aedilicii
1763 4905 1982 4959 domum

418 4986 782 5056 illustriorem.
809 5000 924 5056 fore
965 5001 1120 5064 dicit,
1160 5001 1252 5056 sed
1283 4999 1446 5054 modo
1479 5013 1588 5069 quo
1627 4997 1826 5052 occisa:
1855 5001 1986 5050 sunt

417 5100 630 5162 gentes.
663 5090 826 5146 Fama
875 5093 1020 5148 enim
1067 5105 1483 5161 quaquaversus
1538 5095 1850 5159 pervagata,
1888 5083 1983 5137 Dei

419 5185 802 5238 universorum
851 5183 1122 5252 patefacta
1173 5191 1258 5236 est
1308 5180 1566 5252 potentia.
1596 5177 1776 5242 Quare
1831 5189 1985 5229 com-

420 5278 714 5331 motionem
752 5277 896 5341 cmli,
933 5284 988 5329 et
1019 5285 1197 5341 terrir,
1226 5284 1280 5330 et
1313 5275 1502 5337 maris,
1546 5272 1599 5326 id
1647 5271 1850 5324 factum
1887 5282 1984 5336 ap-

417 5368 614 5435 pellat:
677 5383 870 5436 nempe
929 5369 1073 5437 quod
1135 5383 1324 5420 omnes
1381 5362 1766 5432 obstupefacti,
1815 5367 1868 5414 et
1903 5358 1978 5412 rei

2091 551 2186 603 καὶ
2231 551 2338 620 γάρ
2378 547 2520 605 οὗτοι
2559 551 2846 613 νεύσαντες
2885 549 2977 603 ἐπὶ
3011 549 3071 602 τὸ
3105 551 3356 620 κρεῖττον
3387 547 3490 611 τῆς
3521 546 3642 598 θεία
3655 563 3674 610 ;

2093 643 2396 710 συμπνοίας
2425 641 2761 705 ἀπέλαυσαν,
2802 642 2895 693 καὶ
2924 640 3366 712 προθυμοτέρους
3401 640 3606 698 αὐτοὺς
3643 637 3676 705 ἡ

2089 733 2210 786 θεία
2236 735 2395 804 χάρις
2428 734 2723 806 εἰργάσατο
2747 753 2759 766 ·
2793 735 2867 797 ὼς
2900 733 2998 802 τὴν
3022 733 3195 804 ἀρχὴν
3224 733 3325 803 τῆς
3357 729 3676 797 οξκώομέας

2091 824 2418 896 ποιήσασθαι
2444 827 2510 896 τῇ
2537 823 2753 896 τετράδι
2777 826 2870 878 καὶ
2895 823 3068 880 εἰκάδι
3091 823 3186 875 τοῦ
3218 822 3410 893 μηνὸς,
3441 823 3501 873 ἐν
3522 821 3580 872 δὲ
3608 823 3675 889 τῇ

2089 915 2357 986 νουμηνίᾳ
2385 915 2484 986 τὴν
2516 916 2854 986 προφητείαν
2898 914 3163 978 ἐδέξαντο.
3221 909 3358 966 Εἶτα
3406 911 3576 964 πάλιν
3622 915 3678 964 ἐν

2088 1006 2166 1076 τῷ
2194 1007 2406 1077 ἐεδόμῳ
2439 1007 2568 1078 μηνὶ
2603 1008 2888 1078 παρεγγυᾷ
2932 1009 2961 1058 ό
3006 1005 3281 1075 Δεσπότης
3307 1003 3384 1075 τῷ
3417 1005 3678 1074 προφήτῃ

2087 1095 2258 1149 ταῦτα
2291 1097 2424 1166 πρὸς
2454 1097 2649 1160 αὐτοὺς
2678 1095 3112 1167 διαπορθμεῦσαι
3143 1095 3212 1149 τὰ
3237 1096 3484 1167 ῥήματα.
3537 1116 3557 1146 ι
3580 1096 3678 1158 Τίς

2089 1189 2148 1253 ἐξ
2177 1188 2350 1260 ὑμῶν,
2381 1189 2439 1251 ὃς
2482 1185 2592 1242 εἶδε
2629 1191 2718 1242 τὸν
2748 1185 2896 1244 οἷκον
2925 1189 3116 1244 τοῦτον
3150 1192 3206 1242 ἐν
3236 1192 3302 1260 τῇ
3341 1190 3472 1262 δόξῃ
3513 1189 3677 1242 αὐτοῦ

2087 1283 2156 1350 τῇ
2202 1279 2530 1350 ἔμπροσθεν,
2586 1280 2680 1332 καὶ
2728 1281 2845 1342 πῶς
2897 1282 3056 1351 ὑμεῖς
3094 1280 3320 1350 βλέπετε
3360 1281 3530 1334 αὐτὸν
3580 1279 3680 1333 νῦν

2089 1369 2266 1433 καθὼς
2298 1371 2456 1440 οὖχπ
2487 1371 2802 1441 ὑπάρχοντα
2869 1372 3100 1425 ἐνώπιον
3127 1372 3314 1442 ύμῶνς
3349 1393 3367 1423 ι
3420 1371 3546 1433 Πῶς
3579 1373 3682 1425 ἂν-

2092 1463 2282 1534 έχεσθε
2320 1463 2660 1533 μεμνημένοι
2686 1462 2786 1531 τῆς
2825 1463 3092 1534 προτέρας
3115 1463 3278 1516 αὑτοῦ
3316 1464 3683 1534 περιφανείας

2085 1571 2144 1607 τε
2180 1553 2274 1606 καί
2317 1553 2716 1623 λαμπρότητος,
2760 1554 2892 1624 όρᾷν
2944 1553 3104 1606 αὑτὸν
3159 1553 3405 1622 τοσαύτη
3448 1551 3682 1620 κατεχό-

2091 1661 2249 1714 μενον
2300 1645 2539 1716 ἐρημίῃ
2592 1643 2749 1714 εἴπερ
2796 1645 2901 1713 ἄρα
2928 1645 3078 1708 τινές
3121 1647 3261 1697 εἰσιν
3299 1642 3360 1708 ἐξ
3405 1643 3564 1714 ὑμῶν
3617 1645 3682 1707 ἐξ

2089 1737 2297 1790 ἐκείνου
2336 1737 2496 1806 μέχρι
2527 1736 2620 1789 καὶ
2655 1738 2892 1806 τήμερον
2921 1737 3329 1807 διαρκέσαντες.

2157 1827 2216 1892 ε’,
2245 1835 2316 1893 ς’.
2355 1847 2372 1878 ι
2398 1828 2506 1881 Καὶ
2525 1827 2618 1880 νῦν
2641 1828 2894 1898 κατίσχυε
2917 1828 3241 1899 Ζοροϐάϐελ,
3266 1828 3419 1896 λέγει
3446 1827 3679 1900 Κύριος,

2088 1921 2182 1972 καὶ
2199 1919 2457 1989 κατίσχυε
2486 1918 2660 1988 Ἰησοῦ
2690 1919 2720 1972 ό
2744 1918 2838 1971 τοῦ
2869 1917 3132 1978 Ἰωσεδὲκ.
3151 1920 3179 1972 ό
3219 1919 3400 1989 ἱερεὺς
3421 1920 3452 1971 ό
3477 1919 3676 1988 μέγας,

2088 2009 2180 2062 καὶ
2213 2009 2548 2078 κατισχνέτω
2583 2009 2689 2072 πᾶς
2705 2009 2750 2040 ⁷⁸
2779 2007 2806 2060 ό
2841 2007 2965 2071 λαδς
2995 2011 3091 2080 τῆς
3113 2010 3234 2078 γῆς,
3257 2009 3411 2076 λέγει
3443 2009 3676 2078 Κύριος,

2088 2097 2184 2150 καὶ
2213 2100 2437 2161 ποιεῖτε,
2469 2097 2600 2151 διότι
2626 2097 2738 2166 ἐγώ
2765 2100 2881 2168 είμι
2925 2097 3043 2168 μεθ’
3082 2099 3259 2169 ὑμῶν,
3288 2099 3442 2167 λέγει
3468 2099 3679 2170 Κύριις

2088 2189 2503 2260 παντοκράτωρ.
2533 2191 2640 2243 Kal
2665 2193 2694 2244 ό
2724 2191 2881 2258 λόγος
2916 2205 3016 2260 μου
3035 2190 3102 2257 ⁷³³,
3140 2191 3199 2246 ὃν
3232 2191 3497 2261 διεθέμην
3524 2193 3674 2260 ὑμῖν,

2087 2282 2408 2348 ἐξελθόντων
2435 2283 2588 2352 ὑμῶν
2622 2284 2686 2336 ἐκ
2716 2281 2820 2354 γῆς
2853 2283 3126 2352 Αἰγύπτου
3142 2283 3206 2350 ⁷⁸,
3239 2285 3332 2337 καὶ
3362 2284 3426 2337 τὸ
3445 2283 3676 2353 πνεῦμά

2090 2387 2192 2438 μου
2244 2369 2544 2438 ἐφέστηκεν
2578 2372 2634 2424 ἐν
2683 2372 2834 2442 μέσῳ
2879 2371 3050 2441 ὑμῶν.
3089 2391 3108 2425 ι
3159 2375 3347 2426 Πᾶσαν
3384 2373 3676 2444 ῥᾳστώνην

2089 2461 2184 2514 καὶ
2231 2460 2430 2514 δειλίαν
2473 2463 2910 2533 ἀποσεισάμενοι,
2961 2463 3184 2528 δέξασθε
3228 2463 3331 2534 τὴν
3369 2464 3506 2536 παρ’
3540 2465 3674 2534 ἐμοῦ

2089 2555 2501 2625 χορηγουμένην
2527 2555 2656 2624 ὑμῖν
2705 2557 2878 2626 ίσχῦν,
2923 2557 3068 2626 κάμέ
3096 2556 3183 2609 διὰ
3217 2557 3318 2626 τῆς
3347 2559 3676 2628 νομοθεσίας

2090 2645 2216 2714 ὑμῖν
2261 2645 2495 2698 συνεῖναι
2537 2645 2904 2709 πιστεύοντες,
2944 2645 3161 2699 καὶτοῦ
3193 2647 3468 2716 παναιτίου
3503 2647 3676 2700 Ilva}-

2091 2750 2259 2802 ματος
2292 2732 2692 2805 προμηθεῖσθαι
2739 2733 2893 2804 ὑμῶν
2935 2735 3036 2804 τὴν
3079 2735 3260 2807 χάριν.
3315 2737 3427 2788 Kal
3477 2735 3671 2806 emat;

2089 2823 2258 2876 πολλὰ
2298 2820 2365 2893 ἦν
2405 2823 2474 2877 τά
2516 2823 2836 2894 κωλύματα,
2885 2827 2980 2878 καὶ
3025 2826 3206 2890 πενία,
3238 2827 3335 2880 καὶ
3365 2825 3479 2879 τῶν
3507 2828 3673 2901 ἀναχ-

2090 2913 2314 2984 καίωνή
2346 2915 2560 2980 σπάνις,
2585 2917 2680 2969 καὶ
2703 2915 2812 2968 τῶν
2837 2916 3236 2984 ἀστυγειτόνων
3254 2918 3311 2970 αί
3341 2917 3666 2988 προσϐολαὶ,

2090 3007 2316 3070 εἰκότως
2347 3009 2542 3076 ἐπάγει
2559 3025 2576 3040 ο

2165 3115 2184 3148 ι
2213 3096 2498 3167 Θαρσεῖτε,
2527 3097 2613 3166 (ζ’,
2631 3097 2725 3170 η’.)
2754 3098 2895 3152 Διότι
2916 3097 3039 3152 τάδε
3066 3099 3214 3168 λέγει
3238 3095 3448 3171 Κύριος
3477 3117 3672 3155 παντο-

2091 3187 2310 3259 κράτωρ
2328 3203 2342 3218 ο
2377 3188 2495 3240 Ἔτι
2528 3187 2674 3253 ἅπαξ
2701 3187 2812 3256 ἐγὼ
2842 3189 2970 3242 σείω
2987 3189 3030 3221 π
3058 3189 3148 3244 τὸν
3170 3191 3422 3262 οὐρανὸν,
3453 3193 3552 3246 καὶ
3571 3193 3668 3260 τὴν

2090 3278 2213 3350 γῆν,
2243 3277 2340 3332 καὶ
2359 3278 2458 3350 τὴν
2480 3277 2778 3343 θάλασσαν,
2805 3280 2898 3333 καὶ
2919 3279 3020 3352 τὴν
3044 3279 3232 3352 ξηράν.
3262 3281 3374 3335 Kal
3399 3282 3671 3336 συσσείσω

2089 3370 2268 3424 πάντα
2313 3368 2382 3421 τὰ
2413 3367 2562 3439 ἔθνη,
2599 3370 2694 3424 καὶ
2737 3369 2858 3441 ἥξει
2903 3371 2970 3425 τὰ
3017 3369 3247 3425 ἐκλεκτὰ
3291 3371 3520 3426 πάντων
3561 3371 3669 3424 τῶν

2091 3461 2277 3521 ἐθνῶν,
2322 3461 2416 3514 καὶ
2443 3460 2631 3529 πλήσω
2657 3461 2751 3514 τὸν
2777 3457 2928 3516 οἷκον
2951 3462 3138 3516 τοῦτον
3163 3463 3342 3531 δόξης,
3373 3463 3527 3530 λέγει
3557 3463 3670 3515 Κύ-

2094 3565 2208 3620 ριος
2253 3549 2672 3618 παντοκράτωρ.
2722 3568 2741 3600 ι
2808 3550 2947 3622 Περὶ
2989 3550 3084 3604 τοῦ
3144 3551 3264 3618 Γὼγ
3313 3551 3408 3604 καὶ
3456 3550 3664 3618 Μαγὼγ

2091 3639 2474 3711 προαγορεύει,
2499 3633 2578 3703 οἷς
2601 3639 2938 3710 βουληθεῖσιν
2959 3641 3382 3712 ἐπιστρατεῦσαι
3405 3642 3550 3694 κατὰ
3575 3643 3666 3706 τῆς

2101 3730 2455 3803 Ἰερουσαλὴμ
2487 3732 2622 3802 μετὰ
2650 3731 2921 3785 πλείστων
2958 3733 3128 3786 ἐθνῶν
3163 3732 3539 3804 συνεχώρησε,
3575 3736 3664 3786 καὶ

2091 3823 2210 3876 κατ’
2237 3821 2482 3892 ἀλλήλων
2509 3823 2705 3886 αὐτοὺς
2729 3823 2978 3886 ὁπλίσας.
3009 3824 3102 3876 ὑπ’
3132 3823 3380 3894 ἀλλήλων
3407 3824 3664 3889 aut-sig"

2090 3911 2442 3983 ἀναιρεθῆναι
2477 3913 2765 3981 πεποίηκε,
2808 3914 2904 3967 καὶ
2931 3915 3024 3966 τὸν
3047 3913 3269 3967 ἐκείνων
3295 3913 3533 3968 πλοῦτον
3555 3917 3663 3977 τοῖς

2088 4002 2428 4073 οἰκοδομοῦσι
2454 4007 2713 4076 παρέσχε.
2741 4005 2852 4059 Kal
2877 4004 3197 4077 θεραπεύων
3222 4005 3330 4058 τῶν
3357 4006 3662 4059 ἀκουόντων

2089 4092 2188 4162 τὴν
2217 4091 2409 4162 ἀκοὴν,

2160 4183 2224 4238 θ’.
2272 4202 2290 4236 ι
2319 4185 2500 4256 Ἐμὸν,
2540 4187 2690 4256 φησὶ,
2722 4186 2786 4240 τδ
2827 4185 3110 4258 ἀργύριον,
3149 4186 3248 4240 καὶ
3286 4186 3420 4256 ἐμὸν
3447 4187 3510 4240 τὺ
3536 4203 3660 4257 χρυ-

2093 4274 2228 4338 σίον,
2272 4275 2418 4342 λέγει
2455 4275 2669 4347 Κύριος.
2709 4277 3123 4349 παντοκράτωρ.
3169 4295 3188 4328 ι
3249 4277 3364 4331 υύκ
3407 4277 3658 4347 ἀλλότρια

2093 4364 2502 4438 σφετερίζομαι,
2532 4366 2667 4420 ἀλλὰ
2696 4367 2766 4420 τὰ
2790 4367 3028 4438 ἐμαυτοῦ
3061 4368 3220 4422 πάλιν
3253 4367 3656 4438 ἀπολαμϐάνω·

2017 4485 2061 4540 D
2092 4456 2266 4509 ἔδωκα
2291 4457 2474 4520 αὐτοῖς
2493 4458 2586 4510 τὸν
2616 4456 2844 4513 πλοῦτον
2869 4457 3152 4531 φιλοτιμίᾳ
3180 4458 3548 4530 χρησάμενος,
3570 4458 3663 4511 καὶ

2089 4547 2274 4618 ἐπειδὴ
2312 4545 2402 4602 τὸν
2427 4548 2660 4619 χορηγὸν
2702 4551 2802 4604 οὐκ
2834 4549 3097 4620 ἔγνωσαν,
3132 4549 3242 4604 τῶν
3269 4547 3492 4620 δωρεῶν
3521 4548 3654 4600 sva;-

2089 4655 2200 4700 κως
2232 4637 2648 4707 ἐγυμνώθησάν.

2162 4733 2213 4780 ι’.
2250 4745 2269 4777 ι
2300 4726 2407 4780 Kal
2436 4725 2640 4780 ἕσται⁸¹
2667 4729 2702 4798 ἡ
2729 4727 2855 4794 δόξα
2881 4728 2974 4782 τοῦ
3003 4730 3153 4782 οῐκου
3179 4731 3367 4786 τούτου
3391 4734 3425 4802 ἠ
3457 4731 3656 4800 ἐσχάτη

2090 4815 2230 4884 ὑπὲρ
2261 4815 2359 4884 τὴν
2385 4815 2627 4886 πρώτην,
2657 4815 2802 4884 λέγει
2835 4817 3036 4888 Κύριος
3065 4823 3483 4891 παντοκράτωρ.
3515 4839 3535 4872 ι
3583 4819 3655 4872 Οὐ

2085 4907 2167 4978 τῷ
2203 4907 2420 4978 μεγέθει
2447 4909 2538 4962 καὶ
2577 4909 2655 4980 τῷ
2698 4909 2886 4964 κάλλει
2912 4909 3011 4979 τῆς
3055 4911 3368 4982 οἰκοδομίας
3394 4913 3542 4981 λέγει
3569 4913 3657 4965 τὶν

2090 4995 2236 5051 οἷκον
2270 4998 2606 5068 ἐνδοξότερον
2646 4999 2881 5067 ἔσεσθαι,
2913 5001 3050 5054 ἀλλὰ
3085 4999 3166 5071 τῷ
3197 5003 3386 5073 τρόπῳ
3412 5003 3514 5072 τῆς
3551 5004 3655 5055 τῶν

2089 5090 2256 5143 ἐθνῶν
2281 5090 2610 5160 ἀναιρέσεως
2633 5103 2649 5119 ⁸
2689 5090 2919 5145 πάντοσε
2947 5091 3056 5162 γὰρ
3085 5096 3187 5163 τῆς
3216 5095 3405 5166 φήμης
3438 5093 3655 5164 διαδραο

2093 5180 2316 5249 μούσης,
2364 5179 2574 5250 ἐδείχθη
2605 5178 2699 5232 τοῦ
2727 5179 2862 5232 Θεοῦ
2891 5181 3001 5234 τῶν
3033 5181 3172 5236 ὅλων
3207 5184 3268 5236 τὸ
3308 5182 3527 5254 κράτος.
3570 5185 3654 5234 Διὸ

2091 5271 2312 5340 σεισμὸν
2336 5271 2586 5340 ούρανοῦ,
2618 5271 2864 5342 καὶ,γῆς,
2899 5273 2992 5325 καὶ
3019 5273 3296 5346 θαλάσσης
3327 5275 3390 5326 τὸ
3429 5289 3651 5342 γεγενη-

2094 5361 2252 5425 μένον
2273 5359 2428 5412 καλεῖ
2471 5361 2544 5423 ὡς
2573 5360 2790 5414 πάντων
2820 5362 3292 5434 ἐκπληττομένων,
3316 5365 3410 5420 καὶ
3438 5363 3541 5418 ὑπὸ
3561 5361 3648 5415 τοῦ

1720 5541 1950 5596 VARle
1987 5539 2378 5596 LECTIONES.

494 5679 536 5710 ’⁵
559 5680 674 5746 οὐχ.
706 5680 828 5731 Des.
862 5680 917 5730 in
947 5678 1008 5731 (Σ.

419 5746 526 5799 ἀπὸ
557 5743 678 5814 aly.
774 5751 816 5780 τυ
851 5753 884 5800 Α
920 5748 1102 5799 σείσω.
1205 5745 1394 5797 "ait.
1431 5743 1551 5798 Des.
1585 5744 1636 5796 in
1676 5745 1734 5797 (ἰ.

1093 5676 1140 5707 7‘
1171 5677 1296 5734 πᾶς.
1330 5673 1403 5726 Ex
1431 5675 1474 5726 Α
1512 5682 1564 5727 et
1593 5674 1630 5727 Ο
1663 5675 1841 5743 suppl.
1913 5675 1956 5708 ⁷⁷
1989 5680 2095 5734 Καὶ
2119 5682 2147 5731 ό
2169 5681 2216 5735 λ.

2252 5699 2384 5753 μου.
2409 5681 2560 5736 Λτὸν
2589 5683 2772 5753 λόγον.
2847 5684 2892 5716 ⁷⁸
2914 5683 2957 5736 Δ
3012 5683 3070 5736 ἐν
3118 5682 3197 5753 τῷ
3231 5680 3464 5747 ἐξελθεῖν
3501 5677 3632 5748 ὑμᾶς

1820 5747 1863 5776 ⁸¹
1897 5747 2001 5799 Καὶ
2027 5750 2198 5805 ἔσται.
2227 5747 2271 5805 Al
2299 5751 2438 5805 Διότι
2463 5747 2679 5822 μεγάλη
2699 5753 2872 5809 ἔσται.
