3956 6202
430 296 554 360 1871

416 514 592 559 teram
632 502 1001 556 fortitudinem
1044 518 1229 572 regum
1274 507 1537 574 gentium,
1568 522 1621 561 et
1677 511 1986 567 subvertam

419 612 616 652 currus
647 606 699 649 et
722 609 1040 649 ascensores
1073 614 1083 647 :
1120 602 1172 647 et
1203 596 1499 652 asceudeut
1528 602 1675 669 equi,
1714 612 1767 656 et
1797 618 1989 658 ascen-

420 705 576 742 sores
627 702 847 747 eorum,
904 687 1284 756 unusquisque
1361 689 1415 740 in
1482 689 1664 759 gladio
1719 693 1985 749 adversus

419 785 640 835 fratrem
676 796 857 836 smun.
909 798 926 830 ι
982 779 1139 833 Nullo
1196 780 1412 848 negotio
1452 789 1662 849 partam
1692 784 1867 847 vobis,
1904 786 1987 837 in-

416 875 555 943 quit,
587 872 869 927 victoriam
920 870 1083 925 dabo.
1137 871 1353 926 Insania
1417 872 1561 925 enim
1611 883 1665 927 et
1713 875 1986 931 dementia

416 981 510 1018 eos
540 963 801 1028 alliciens,
827 964 1053 1017 armabo
1087 978 1181 1017 eos
1210 970 1399 1016 contra
1432 978 1490 1017 se
1527 964 1780 1029 invicem,
1815 967 1889 1019 ita
1926 974 1985 1021 ιιι

414 1056 665 1109 funditus
728 1070 916 1108 omnes
958 1053 1120 1109 simul
1158 1069 1281 1107 eum
1343 1055 1499 1123 equis
1539 1066 1784 1124 pereant.
1828 1057 1983 1123 Quod

414 1163 544 1201 vero
571 1149 647 1200 ait
685 1167 694 1200 :
741 1164 757 1195 ι
813 1145 1007 1198 Adhuc
1043 1144 1208 1199 semel
1246 1159 1345 1215 ego
1399 1159 1719 1201 commoveo
1760 1150 1981 1217 coelum,

416 1249 468 1292 et
503 1247 725 1300 terram,
770 1245 823 1290 et
862 1250 1032 1297 mare,
1063 1244 1116 1288 et
1150 1234 1361 1288 aridam
1387 1246 1428 1299 °,
1475 1255 1491 1286 ι
1522 1252 1629 1291 non
1669 1239 1765 1292 abs
1800 1254 1858 1292 re
1884 1256 1981 1308 po—

415 1333 545 1398 suit,
588 1331 680 1387 sed
734 1328 979 1383 beneficii
1031 1327 1448 1381 Senuacherinti
1500 1338 1741 1399 tempore
1798 1334 1979 1387 collati

411 1424 732 1476 memoriam
790 1429 1036 1474 renomt.
1084 1419 1222 1471 Cum
1274 1418 1418 1472 enim
1474 1421 1579 1473 illis
1642 1424 1978 1490 repentinam

412 1513 1014 1582 perniciemintulisset,
1049 1524 1265 1563 omnem
1307 1517 1506 1562 terram
1532 1520 1585 1563 et
1615 1527 1763 1565 mare
1800 1513 1977 1566 horri-

412 1601 537 1654 bilis
563 1599 687 1652 [σιριί
720 1600 1035 1652 narratione
1056 1599 1370 1667 complevit.

483 1690 643 1743 Vsus.
676 1689 762 1741 ⁵24.
800 1706 817 1738 ι
860 1686 955 1742 Die
984 1688 1097 1750 illo,
1128 1687 1261 1739 dicit
1299 1688 1562 1745 Dominus
1608 1693 1974 1760 omnipotens,

1380 302 1861 366 TIIEODORETI
1892 309 2230 373 EPISCOPI
2277 317 2640 378 CYRENSIS

497 411 657 464 \‘tzas.
688 409 777 463 9.3.
824 430 839 458 ι
872 408 934 462 Et
961 410 1269 463 subvertant
1304 413 1497 467 solium
1529 432 1738 486 regum,
1772 429 1825 473 et
1847 435 1984 473 eon-
2018 430 2058 483 Α

3537 331 3666 399 1872

2182 436 2283 496 κγ’.
2347 450 2363 480 ι
2408 433 2515 485 Καὶ
2567 436 2923 507 καταστρέφω
2976 439 3161 509 θρόνον
3222 440 3526 511 βασιλέων,
3573 450 3666 502 καὶ

2092 520 2506 591 ἐξολοθρεύσωθθ
2534 526 2762 597 δύναμιν
2792 529 3052 598 βασιλέων
3090 527 3341 599 ἐθνῶνίί,
3377 539 3473 589 καὶ
3504 555 3665 591 κατα-

2094 614 2309 685 στρέφω
2358 615 2581 687 ἅρματα
2625 619 2720 670 καὶ
2766 620 3062 685 ἀναϐάτας,
3113 625 3208 676 καὶ
3240 626 3662 697 ἀναϐήσονταιθί

2091 705 2245 759 ἵπποι
2280 707 2372 760 καὶ
2400 708 2665 763 ἀναϐάται
2696 710 2874 763 αὐτῶν
2908 711 3133 777 ἕκαστος
3162 716 3219 767 ἐν
3248 717 3497 788 ῥομφαίᾳ
3534 722 3663 788 πρὸς

2088 798 2177 850 τὸν
2212 798 2440 867 ἀδελφὸν
2474 800 2659 854 αὑτοῦ.
2710 820 2729 852 ι
2785 804 3016 856 ’Λπονον
3051 805 3197 874 ὑμῖν,
3242 807 3399 877 φησὶ,
3442 810 3662 879 παρέξω

2086 889 2182 959 τὴν
2222 890 2397 971 νίκην.
2446 893 2813 964 Παραπληξίᾳ
2858 895 2968 965 γὰρ
3006 897 3198 960 αὐτοὺς
3230 900 3322 951 καὶ
3368 901 3659 971 φρενοϐλα-

2087 983 2206 1054 ϐείᾳ
2236 968 2444 1053 βαλὼν,
2494 986 2614 1038 κατ’
2656 986 2901 1056 ἀλλήλων
2953 987 3192 1052 ὁπλίσω,
3249 968 3423 1042 ὥστε*
3456 993 3659 1055 πάντας

2084 1076 2250 1146 ἄρδην
2274 1077 2370 1128 σὺν
2389 1078 2496 1140 τοῖς
2517 1077 2699 1140 ἵπποις
2723 1077 3093 1149 ἀναιρεθῆναι.
3119 1079 3191 1132 Τὸ
3216 1080 3294 1141 δὲ,
3329 1099 3348 1131 ι
3371 1082 3497 1133 Ἔτι
3518 1083 3658 1148 ᾶπαξ

2084 1166 2193 1234 ἐγὼ
2222 1167 2381 1221 σείων
2411 1169 2500 1221 τὸν
2530 1169 2777 1239 οὐρανὸν,
2804 1170 2894 1222 καὶ
2928 1170 3025 1239 τὴν
3053 1171 3175 1239 γῆν,
3207 1173 3301 1225 καὶ
3328 1174 3429 1244 τὴν
3465 1173 3655 1228 θάλασ-

2084 1276 2200 1324 σαν,
2236 1261 2324 1314 καὶ
2360 1261 2458 1330 τὴν
2485 1260 2675 1332 ξηρὰν.
2710 1281 2727 1311 ι
2775 1262 2872 1331 οὑχ
2912 1262 3096 1326 ἁπλῶς
3126 1264 3365 1334 εἴρηκεν,
3396 1266 3535 1319 ἀλλὰ
3564 1269 3655 1337 τῆς

2082 1350 2173 1401 ἐπὶ
2197 1349 2291 1403 τοῦ
2325 1351 2694 1421 Σενναχηρεὶμ
2726 1351 3043 1420 εὐεργεσίας
3071 1354 3485 1423 ἀναμιμνήσκει
3514 1374 3527 1386 ·
3566 1360 3653 1410 καὶ

2081 1439 2189 1509 γὰρ
2220 1441 2447 1500 ἐκείνοις
2496 1442 2758 1511 αἰφνίδιον
2796 1443 3092 1510 ἐπαγαγὼν
3142 1445 3385 1516 ὖλεθρον,
3438 1447 3653 1501 ἃπασαν

2081 1530 2185 1599 γῆν
2225 1532 2319 1583 καὶ
2369 1532 2636 1586 θάλατταν
2675 1533 2768 1585 τοῦ
2799 1533 3101 1604 φρικώδους
3153 1537 3415 1607 ἐνέπλησε
3465 1539 3648 1610 διηγή-

2083 1638 2273 1690 ματος.

2153 1712 2249 1764 κδ’.
2297 1730 2314 1761 ι
2346 1712 2430 1765 Ἑν
2460 1715 2524 1783 τῇ
2552 1713 2735 1784 ἡμέρα
2774 1713 2979 1786 ἐκείνῃ,
3020 1716 3167 1783 λέγει
3208 1718 3416 1789 Κύριος
3460 1738 3645 1775 παντο-

411 1796 686 1837 assumant
742 1788 793 1835 te
843 1778 1253 1841 Zorobabelem,
1282 1781 1448 1834 lilium
1488 1782 1817 1850 Salatliielis,
1855 1802 1969 1840 ser-

2079 1800 2321 1871 κρὰτωρ,
2354 1774 2603 1873 λήψομαί.
2641 1774 2722 1867 σεξ
2763 1774 3106 1876 20906-5651,.
3120 1808 3210 1861 τὸν
3235 1774 3331 1864 τοίῖ
3364 1774 3643 1883 έαλαθιὴλ,

412 1890 534 1928 vum
571 1888 767 1934 meum,
805 1872 939 1925 dicit
973 1870 1255 1935 Dominus,
1288 1879 1342 1926 et
1380 1890 1574 1942 ponam
1626 1868 1677 1929 te
1714 1878 1871 1944 quasi
1901 1878 1974 1931 si-

410 1965 723 2033 gnaculum,
784 1963 906 2031 quia
956 1963 1169 2034 1590
1219 1971 1269 2017 te
1321 1964 1480 2033 elegi,
1522 1965 1654 2020 dicit
1709 1967 1972 2022 Dominus

406 2057 824 2126 omnipotens.»
872 2061 886 2075 ·
923 2053 1035 2109 Hoc
1071 2056 1192 2109 loco
1242 2053 1422 2110 Josuae
1469 2058 1801 2111 mentionem
1863 2073 1970 2113 non

407 2144 558 2211 fecit,
585 2142 679 2199 sed
723 2143 895 2198 solius
934 2142 1312 2209 Zorobabelis,
1355 2145 1483 2214 quia
1507 2145 1573 2200 de
1606 2146 1762 2202 bellis
1800 2155 1852 2201 et
1879 2164 1972 2203 eo-

406 2253 527 2291 rum
585 2237 1067 2291 administratione
1110 2251 1296 2291 sermo
1339 2246 1457 2291 erat
1498 2240 1802 2308 :quoniam
1856 2232 1968 2295 rein

406 2327 660 2381 bellicam
695 2326 784 2379 hic
829 2326 980 2379 solus
1020 2327 1371 2395 procurabat.
1410 2327 1498 2381 Ait
1541 2344 1693 2400 ergo,
1738 2331 1967 2395 dieillo,

403 2417 658 2487 gentibus
699 2416 806 2470 illis
839 2416 1019 2479 caesis,
1057 2425 1102 2471 te
1130 2415 1526 2484 Zorobabelem,
1557 2436 1716 2488 quem
1765 2421 1819 2474 in
1874 2423 1972 2476 ob—

406 2508 655 2578 sequium
689 2516 739 2563 et
775 2508 1140 2562 ministerium
1174 2526 1353 2562 meum
1386 2510 1583 2580 delegi,
1617 2512 1884 2568 illustrem
1920 2524 1972 2569 et

404 2600 728 2671 prteclarum
778 2600 1026 2663 reddam,
1055 2609 1108 2653 et
1139 2615 1231 2669 per
1267 2609 1319 2656 te
1350 2616 1568 2656 onmem
1611 2605 1837 2659 tutelam
1873 2622 1968 2675 po-

404 2692 534 2760 pulo
570 2690 863 2760 praestabo,
897 2697 948 2743 te
1000 2698 1158 2745 utens
1207 2698 1470 2760 tanquam
1517 2694 1798 2762 signaculo
1833 2710 1971 2765 quo-

404 2783 526 2834 dam
563 2800 574 2835 :
612 2795 735 2834 nam
772 2781 1136 2850 signaculum,
1171 2780 1381 2837 foribus
1411 2783 1689 2837 admotum
1717 2796 1769 2840 et
1804 2786 1969 2853 areis,

403 2873 610 2937 omnia,
659 2888 781 2942 quae
844 2874 995 2926 intus
1036 2873 1276 2942 reposita
1338 2882 1486 2940 sunt,
1529 2880 1717 2929 tuetur
1760 2886 1810 2930 et
1841 2891 1973 2930 con-

404 2969 606 3017 servat.
651 2960 713 3013 Et
765 2961 1046 3030 prophetia
1087 2961 1306 3029 quidem
1359 2961 1470 3030 jam
1533 2963 1802 3032 completa
1864 2972 1965 3019 est.

403 3054 516 3123 Ego
550 3067 680 3107 vero
713 3051 1034 3121 Apollinarii
1069 3052 1399 3106 dementiam
1440 3052 1703 3120 admiror,
1738 3054 1829 3123 qui
1858 3063 1967 3108 tam

403 3146 608 3213 apertis
657 3145 1144 3198 vaticinationibus
1192 3145 1524 3199 contrariam
1555 3147 1966 3216 intelligentiam

402 3235 596 3289 alferre
627 3249 919 3304 aggressus
949 3232 1134 3301 fuerit,
1159 3233 1367 3298 dicens,
1403 3235 1801 3304 expeditionem
1836 3235 1968 3305 (ἳοεί

400 3335 453 3380 et
485 3324 693 3395 Magogi
731 3325 975 3379 nondum
1012 3323 1212 3378 fat-tam
1242 3339 1383 3391 esse,
1418 3325 1510 3380 sed
1540 3326 1594 3379 in
1619 3341 1969 3382 consumma—

403 3418 548 3471 tione
584 3417 767 3471 steculi
808 3415 971 3485 hujus
1016 3414 1152 3469 fore.
1205 3414 1271 3468 Et
1323 3432 1431 3470 non
1468 3418 1705 3471 attendit
1752 3420 1970 3488 sapien-

403 3511 653 3565 tissimus
687 3511 790 3564 istc
821 3510 1119 3579 prophetia:
1151 3512 1594 3566 consecutionem
1622 3530 1634 3565 :
1666 3514 1810 3582 quod
1852 3525 1970 3583 post

398 3600 809 3668 praedictionem
868 3599 1083 3655 illorum
1141 3602 1454 3665 occisionis,
1490 3604 1753 3673 propheta
1781 3609 1966 3659 statim

399 3691 660 3759 :uljeeerit
689 3732 700 3744 .
738 3712 755 3743 ι
804 3691 897 3746 Die
944 3693 1060 3756 illo,
1105 3694 1239 3748 dicit
1292 3693 1553 3749 Dominus
1597 3698 1964 3766 omnipotens,

398 3799 675 3837 assumant
701 3792 753 3837 te
776 3784 1189 3849 Zorobabelcm,
1217 3802 1432 3849 servum
1465 3802 1667 3851 meum,
1701 3787 1834 3840 dicit
1866 3786 1967 3840 Do-

400 3874 600 3935 utintts,
630 3891 647 3922 ι
679 3883 731 3927 et
754 3890 872 3943 qum
902 3885 1226 3943 sequuntur.
1246 3876 1399 3941 Quod
1422 3877 1647 3931 sialium
1674 3877 1963 3946 quemdant

400 3962 789 4018 Zorobabelem
849 3967 902 4018 in
952 3965 1218 4023 fabulosis
1252 3969 1361 4023 illis
1405 3970 1815 4021 narrationibus
1850 3968 1966 4023 suis

400 4054 551 4123 lingit
598 4054 691 4108 illo
725 4064 966 4125 tempore
996 4056 1262 4123 futurum,
1292 4059 1585 4129 perfectam
1621 4059 1779 4112 nobis
1813 4058 1964 4110 fabu-

399 4145 503 4198 lam
554 4145 760 4201 reddet.
795 4148 863 4201 At
902 4149 947 4204 si
982 4150 1178 4204 unicus
1227 4159 1312 4204 est
1373 4151 1459 4205 hic
1515 4148 1838 4211 Zorobabel,
1871 4150 1962 4218 qui

398 4243 520 4303 post
565 4236 797 4291 reditum
825 4241 1024 4308 popqu
1057 4241 1292 4311 praefuit,
1343 4240 1445 4294 sub
1496 4239 1599 4293 hoc
1648 4251 1703 4294 et
1746 4240 1962 4294 illarum

395 4327 634 4395 gentium
687 4331 966 4385 exercitus
1025 4331 1345 4401 proﬂigatus
1391 4329 1509 4396 fuit,
1541 4340 1593 4385 et
1642 4342 1764 4401 post
1817 4335 1963 4391 illius

2074 1893 2164 1944 τὸν
2202 1892 2384 1945 δοῦλόν
2437 1911 2559 1962 μου,
2611 1894 2755 1962 λέγει
2796 1895 3020 1966 Κύριος,
3068 1899 3163 1951 καὶ
3204 1898 3443 1970 θήσομαί
3486 1919 3542 1954 σε
3575 1904 3644 1964 ὡς

2079 1983 2380 2052 σᾳραγῖδα·
2417 1984 2549 2038 διότι
2587 1984 2644 2039 σὲ
2663 1986 2705 2017 ⁹¹
2738 1986 2989 2057 ᾑρέτισα,
3040 1989 3187 2057 λέγει
3221 1990 3428 2062 Κύριος
3458 2010 3645 2047 παντοο

2075 2074 2314 2143 κράτωρ.
2362 2093 2381 2124 ι
2444 2075 2706 2127 Ἐνταῦθα
2734 2078 2828 2128 τοῦ
2880 2078 3054 2148 Ἰησοῦ
3085 2080 3184 2132 οὐκ
3222 2082 3641 2152 ἐμνημόνευσεν,

2073 2165 2208 2219 ἀλλὰ
2243 2165 2405 2235 μόνου
2451 2164 2546 2218 τοῦ
2580 2167 2899 2236 Ζοροϐάϐελ,
2930 2170 3118 2240 ἐπειδὴ
3158 2174 3285 2242 περὶ
3331 2175 3583 2243 πολέμων
3600 2180 3641 2208 ’ί

2074 2255 2165 2307 καὶ¹
2192 2254 2529 2326 στρατηγίας
2555 2257 2789 2309 ἐποιεῖτο
2816 2259 2941 2320 τοὺς
2970 2256 3181 2326 λόγους,
3215 2256 3371 2326 οὗτος
3400 2264 3458 2317 δὲ
3494 2269 3643 2334 μόνος

2072 2345 2169 2414 τῆς
2199 2345 2535 2414 στρατηγίας
2591 2347 2893 2429 ἐφρόντιζε.
2949 2350 3112 2418 Λέγει
3162 2353 3342 2405 τοίνυν
3396 2357 3478 2407 ὅτι
3523 2360 3640 2409 κατ’

2070 2436 2314 2503 ἐκείνην
2348 2437 2463 2505 τὴν
2502 2438 2750 2507 ἡμέραν,
2784 2441 2892 2494 τῶν
2938 2442 3107 2497 ἐθνῶν
3159 2444 3384 2499 ἐκείνων
3436 2449 3641 2517 ἀναιρε-

2074 2528 2295 2593 θέντων,
2343 2530 2419 2583 σὲ
2459 2531 2565 2584 τὸν
2609 2534 2974 2601 Ζοροϐάϐελ,
3026 2534 3085 2588 ὃν
3138 2538 3219 2602 είς
3263 2538 3511 2593 δουλείαν
3556 2544 3642 2597 καὶ

2073 2619 2367 2691 θεραπείαν
2398 2620 2729 2695 ἐξελεξάμην
2778 2626 2940 2697 ἐμὴν,
2984 2628 3255 2698 περιφανῆ
3303 2632 3517 2701 ποιήσω
3552 2633 3640 2686 καὶ

2072 2709 2450 2781 περίϐλεπτον,
2494 2714 2588 2766 καὶ
2631 2714 2717 2768 διὰ
2766 2716 2861 2769 σοῦ
2909 2717 2989 2787 τῷ
3038 2717 3153 2787 λαῷ
3204 2720 3432 2791 παρέξω
3471 2725 3641 2776 πᾶσαν

2073 2799 2390 2868 ἀσφάλειαν,
2440 2796 2552 2857 οἷόν
2595 2821 2703 2858 τινι
2754 2806 3008 2876 σφραγῖδί
3056 2825 3139 2862 σοι
3187 2812 3562 2881 κεχρημένοςο
3604 2815 3640 2881 ἡ

2072 2890 2179 2959 γὰρ
2208 2892 2441 2961 σφραγὶς
2466 2893 2560 2946 καὶ
2588 2894 2780 2963 θύραις
2813 2896 3185 2968 ἐπιτιθεμένη.
3227 2901 3320 2953 καὶ
3352 2900 3637 2966 κιϐωτίοις,

2073 2980 2285 3050 πορίζει
2322 2983 2500 3036 πᾶσαν
2554 2986 2666 3048 τοῖς
2710 2987 3154 3058 ἐναποκειμένοις
3203 2991 3524 3060 ἀσφάλειαν.
3578 2995 3636 3046 Ἦ

2076 3074 2173 3143 μὲν
2202 3069 2294 3127 οὖν
2326 3076 2592 3145 ἑρμηνεία
2618 3077 2718 3146 τῆς
2765 3080 3098 3149 προφητείας
3131 3081 3193 3133 τὸ
3233 3083 3385 3145 τέλος
3410 3084 3635 3149 ἐδέξατο.

2085 3158 2224 3233 Ἐγὼ
2247 3167 2359 3219 δέ⁹³
2382 3169 2478 3239 τὴν
2518 3169 2923 3240 Ἀπολλιναρίου
2955 3171 3217 3243 θαυμάζω
3242 3178 3564 3245 παράνοιαν,
3588 3179 3639 3237 ὃς

2071 3261 2183 3320 τοῖς
2235 3258 2376 3312 οὓτω
2422 3261 2608 3329 σαφῶς
2652 3262 3098 3333 τεθεσπισμὲνοις
3128 3266 3378 3320 ἐναντίαν
3410 3267 3639 3322 διάνοιαν

2071 3349 2383 3415 ἐπενεγκεῖν
2413 3352 2756 3422 ἐπεχείρησε,
2793 3354 2972 3423 φήσας
2996 3353 3089 3407 τοῦ
3122 3353 3243 3423 Γὼγ
3273 3358 3365 3408 καὶ
3402 3357 3497 3409 τοῦ
3526 3359 3636 3410 Μα-

2070 3436 2186 3505 γὼγ
2216 3439 2313 3509 τὴν
2342 3442 2627 3511 στρατείαν
2658 3443 2868 3497 οὐδέπω
2894 3445 3170 3511 γενέσθαι,
3217 3448 3355 3502 ἀλλὰ
3390 3449 3517 3519 περὶ
3544 3450 3634 3517 τὴν

2070 3528 2223 3582 τοῦδε
2256 3530 2348 3582 τοῦ
2382 3533 2575 3596 αἰῶνος
2633 3534 2940 3588 συντέλειαν
2971 3536 3203 3592 ἔσεσθαι.
3244 3540 3356 3592 Καὶ
3386 3541 3448 3592 οὐ
3484 3557 3634 3609 προσ·-

2073 3617 2229 3687 έσχεν
2257 3622 2284 3672 ὁ
2314 3619 2620 3688 σοφώτατος
2652 3625 2717 3692 τῇ
2745 3623 2843 3692 τῆς
2874 3628 3211 3696 προφητείας
3237 3628 3633 3700 ἀκολουθίασὸτι

2072 3711 2206 3779 μετὰ
2235 3712 2331 3781 τὴν
2379 3714 2683 3783 πρόρρησιν
2716 3715 2815 3782 τῆς
2844 3716 3067 3770 ἐκείνων
3096 3720 3310 3788 σφαγῆς
3342 3720 3503 3784 εὐθὺς
3543 3724 3634 3773 ἐπ-

2069 3800 2274 3868 ήγαγεν
2322 3802 2348 3853 ὁ
2391 3803 2707 3872 προφήτηςο
2749 3804 2876 3856 ιἘν
2922 3808 2991 3876 τῇ
3044 3805 3225 3878 ἡμέρα
3257 3808 3461 3879 ἐκείνη,
3497 3809 3634 3876 λέγει

2070 3888 2270 3958 Κύριος
2322 3893 2748 3962 παντοκράτωρ,
2810 3894 3051 3966 λήψομαί
3099 3913 3158 3949 σε
3202 3899 3508 3969 Ζοροϐάϐελ
3550 3901 3633 3952 τὸν

2067 3978 2248 4031 δοῦλόν
2280 3996 2401 4049 μου,
2438 3981 2585 4049 λέγει
2620 3984 2840 4053 Κύριος.
2871 4004 2889 4036 ι
2937 3987 3028 4038 καὶ
3061 3987 3130 4040 τὰ
3162 3987 3308 4057 ἑξῆς.
3343 3991 3404 4042 Et
3430 3991 3528 4060 μὲν
3548 3987 3631 4043 οὖν

2068 4071 2161 4122 καί
2198 4070 2353 4122 ἄλλον
2385 4072 2506 4126 τινὰ
2541 4074 2846 4144 Ζοροϐάϐελ
2874 4078 2930 4130 ἐν
2958 4079 3079 4141 ταῖς
3101 4079 3330 4142 οἰκείαις
3364 4081 3631 4134 ἀναπλὰτ-

2063 4178 2146 4212 τει
2184 4162 2531 4232 μυθολογίαις
2574 4166 2694 4218 κατ’
2736 4168 2940 4220 ἐκεῖνον
2981 4168 3237 4238 ἐσόμενον
3284 4170 3377 4222 τὸν
3425 4172 3631 4241 καιρὸν,

2063 4254 2264 4307 τέλειον
2292 4256 2421 4325 ἡμῖν
2451 4256 2750 4311 ἀναπλάσει
2782 4259 2874 4311 τὸν
2898 4259 3065 4327 μῦθον
3089 4277 3102 4289 ·
3139 4261 3187 4313 εἰ
3212 4260 3269 4313 δὲ
3295 4255 3454 4325 οὗτος
3485 4264 3633 4332 μόνος

2065 4345 2183 4398 ἐστὶ
2217 4347 2541 4417 Ζοροϐάϐελ,
2581 4350 2608 4401 ὁ
2639 4349 2777 4418 μετὰ
2803 4350 2902 4419 τὴν
2933 4352 3188 4405 ἐπάνοδον
3214 4352 3309 4406 τοῦ
3343 4352 3476 4405 λαοῦ
3507 4372 3633 4425 προν

395 4421 824 4476 internecionem
876 4424 1230 4478 admirandus
1290 4432 1343 4477 et
1391 4426 1692 4494 praeclarus
1751 4428 1961 4481 exstitit

2078 4439 2382 4505 ςτατεύσας,
2414 4442 2506 4493 ἐπὶ
2538 4441 2727 4494 τούτου
2760 4444 2852 4496 καὶ
2879 4445 2907 4496 ὁ
2941 4443 3045 4496 τῶν
3079 4444 3249 4497 ἐθνῶν
3278 4446 3508 4498 ἐκείνων
3539 4462 3632 4499 κα-

399 4509 605 4580 1591
637 4511 961 4569 Zorobabel.
999 4515 1102 4569 Sed
1136 4516 1239 4568 hoc
1278 4517 1443 4571 etiam
1496 4517 1649 4571 illum
1706 4519 1959 4575 conside-

395 4616 516 4653 rare
537 4603 843 4669 oportebat,
868 4604 1011 4673 quol
1046 4604 1115 4655 ob
1145 4604 1388 4673 inopiam
1415 4605 1796 4661 aedificationis
1832 4625 1959 4679 pro-

395 4680 729 4759 rogationem
805 4694 1191 4749 meditantibus
1254 4695 1633 4751 universorum
1695 4698 1957 4755 Dominus

397 4784 729 4849 promiserit,
760 4802 818 4841 se
845 4785 941 4839 has
972 4794 1162 4856 gentes
1190 4798 1669 4862 congregaturum,
1693 4804 1746 4849 et
1770 4811 1958 4850 earqu

394 4873 610 4926 dititias
664 4875 717 4927 in
764 4874 1143 4933 mdilicationis
1184 4891 1432 4951 sumptus
1482 4886 1958 4954 suppeditaturum

391 4975 545 5027 esse;
573 4962 714 5016 unde
747 4964 910 5017 etiant
938 4966 1190 5037 adjunxit
1221 4991 1232 5025 :
1270 4990 1288 5022 ι
1327 4973 1507 5029 Meum
1534 4983 1619 5030 est
1649 4989 1957 5046 argentum,

396 5067 571 5103 meum
601 5060 684 5106 est
714 5068 931 5121 aurum,
954 5066 1008 5112 et
1040 5061 1214 5131 major
1249 5064 1352 5118 erit
1375 5065 1548 5137 gloria
1572 5067 1765 5122 domus
1800 5069 1958 5125 istius

394 5140 712 5207 novissima,
741 5157 903 5213 quam
932 5148 1122 5216 prima.
1162 5171 1178 5202 ι
1211 5149 1314 5207 Sed
1347 5154 1488 5210 hunc
1521 5156 1839 5211 delirantetu
1876 5175 1960 5215 re-

472 5323 495 5351 °
524 5320 659 5378 Osee
694 5338 731 5377 tt
754 5361 771 5389 ,
811 5324 858 5379 7.

2066 4529 2348 4599 ταναλώθη
2398 4530 2645 4600 στρατὸς,
2703 4532 2797 4584 καὶ
2847 4531 2983 4602 μετὰ
3027 4532 3116 4586 τὸν
3163 4534 3371 4587 ἐκείνου
3419 4536 3634 4604 ὄλεθρον

2067 4620 2334 4690 ἐπίσημος
2375 4622 2403 4673 ὁ
2470 4622 2771 4692 Ζοροϐάϐελ
2818 4623 3050 4690 ἐγένετο,
3106 4626 3198 4678 καὶ
3258 4628 3629 4697 περίϐλεπτος.

2072 4710 2218 4762 Ἔδει
2247 4711 2300 4763 δὲ
2333 4712 2493 4764 αὐτὸν
2520 4713 2786 4766 καὶτοῦτο
2817 4714 3065 4780 συνιδεῖν,
3099 4717 3180 4770 ὅτι
3208 4719 3302 4770 καὶ
3333 4718 3419 4771 διὰ
3450 4720 3630 4772 πενίαν

2066 4801 2163 4870 τῆς
2209 4802 2515 4872 οἰκοδομίας
2554 4803 2651 4872 τὴν
2705 4803 2968 4874 ἀναϐολὴν
3032 4810 3420 4876 σκεπτομένοις
3451 4811 3498 4841 9‘
3536 4811 3630 4862 ὑπ-

2072 4890 2261 4959 έσχετο
2289 4890 2396 4943 τῶν
2427 4892 2561 4945 ὅλων
2595 4895 2621 4944 ὁ
2651 4892 2852 4964 Κύριος
2901 4894 3073 4947 ταῦτα
3101 4897 3347 4962 συνάξειν
3386 4898 3459 4953 τὰ
3487 4898 3625 4968 ἔθνη,

2064 4983 2160 5033 καὶ
2184 4981 2281 5052 τὴν
2311 4982 2514 5035 τούτων
2544 4984 2802 5053 εὐπορίαν
2832 4986 2911 5047 εἰς
2954 4986 3022 5039 τὰ
3065 4987 3161 5056 τῆς
3194 4988 3503 5058 οἰκοδομίας
3545 4991 3627 5042 δαν

2066 5074 2206 5143 πανή
2219 5090 2359 5141 ματα
2381 5075 2725 5144 χορηγήσειν.
2760 5075 2849 5127 Διῦ
2873 5075 2966 5129 καὶ
2990 5078 3269 5144 ἐπήγαγεν
3298 5095 3309 5106 ’
3348 5099 3367 5131 ι
3391 5081 3553 5149 Ἐμὸν
3576 5082 3627 5131 τὶ

2064 5163 2348 5233 ἀργύριον,
2394 5168 2480 5218 καὶ
2514 5166 2643 5237 ἐμὸν
2673 5167 2732 5219 τὸ
2759 5169 2997 5237 χρυσίον,
3041 5169 3133 5220 καὶ
3164 5170 3378 5240 μεγάλη
3418 5171 3567 5223 ἔσται
3595 5172 3623 5237 ἡ

1687 5494 1914 5548 VARI/li
1959 5497 2357 5555 LECTIONES.

452 5612 496 5644 ⁸⁸
527 5618 567 5665 Λ
598 5615 920 5690 ὀλοθρεύσω.
1019 5619 1064 5652 ⁸⁹
1095 5621 1201 5674 ἔθν.
1237 5624 1280 5674 Α
1312 5637 1498 5690 prtem.
1529 5627 1655 5679 τῶν.

384 5680 461 5737 δὲ.
493 5700 545 5738 κ.
584 5702 632 5738 τ.
668 5680 874 5743 λίνω.
909 5705 1094 5758 supra,
1130 5707 1180 5760 p.
1219 5680 1378 5758 104.5,
1409 5696 1581 5750 schol.
1619 5700 1667 5750 7.

1900 5632 2318 5702 καταϐήσονται.
2396 5635 2436 5666 ⁹¹
2474 5634 2546 5687 σέ.
2582 5633 2703 5691 Des.
2741 5634 2793 5690 in
2825 5636 2889 5690 A.

1745 5699 1787 5731 9³
1817 5701 1855 5753 C
1889 5699 2128 5769 σκεπτόμ
2141 5722 2275 5768 ενος.

2971 5641 3015 5674 ⁹²
3045 5638 3083 5697 C
3113 5642 3372 5713 πολέμου.
3449 5636 3493 5671 ⁸³
3515 5636 3617 5706 ﬁt}
