3956 6202
295 369 432 434 1873

1459 371 1540 432 IN
1569 372 1954 431 ZACIIARIM
1997 376 2405 435 PRJEFATIO.

3401 367 3534 433 1874

290 479 417 541 δόξα
445 475 542 529 τοῦ
567 476 718 529 οἴκου
745 477 934 530 τούτου
962 480 994 548 ἠ
1031 475 1235 547 ἐσχάτη
1264 478 1404 549 ὑπὲρ
1438 477 1536 548 τὴν
1565 477 1806 547 πρώτην.
1841 496 1859 528 ι

1980 477 2304 552 ἓὶηηηθιιίεε,
2329 499 2428 537 nos
2454 480 2663 534 veritati
2697 477 3096 540 adhmreamus,
3141 481 3192 530 et
3222 474 3538 530 misericor-

293 564 462 620 Ἀλλὰ
493 567 680 620 τοῦτον
723 570 908 639 ληρεῖν
939 567 1347 632 καταλιπόντες,
1390 569 1550 637 ἡμεῖς
1587 567 1685 635 τῆς
1727 567 1857 638 ἀληο

291 661 440 722 θείας
473 657 746 730 ἐχώμεθα,
792 660 885 712 καὶ
913 659 1004 712 τὸν
1033 657 1408 730 φιλάνθρωπον
1452 657 1608 727 ἡμῶν
1657 656 1860 710 ἱκετεύο

293 767 476 819 σωμεν
508 748 803 819 Δεσπότην,
850 749 1033 803 δοῦναι
1080 749 1173 803 καὶ
1199 750 1332 820 ἡμῖν
1365 749 1608 819 εἰρήνην,
1650 749 1745 802 καὶ
1784 750 1861 800 εἰ-⁹

295 843 466 912 ρήνην
495 840 673 911 ψυχῆς
698 856 712 870 ·
765 841 832 894 ῖν⁹
859 840 918 892 ὲν
949 842 1113 894 πᾶσιν
1140 838 1302 893 αὐτὸν
1329 838 1739 910 θεραπεύοντες,
1770 841 1862 892 καὶ

292 933 388 1002 τῆς
417 932 550 1003 παρ’
577 930 745 984 αὑτοῦ
776 931 951 1002 ῥοπῆς
981 929 1363 994 ἀπολαύοντες,
1389 928 1740 998 διαφύγωμεν
1762 930 1862 994 τὰς

290 1021 404 1076 τῶν
452 1023 704 1096 ἀοράτων
753 1026 1029 1097 πολεμίων
1071 1025 1396 1090 ἐπιϐουλὰς,
1447 1023 1586 1076 κατὰ
1632 1024 1690 1076 δὲ
1738 1023 1862 1088 τοὺς

293 1113 472 1178 θείους
516 1116 684 1171 αὑτοῦ
717 1117 1163 1189 πολιτευσάμενοι
1203 1117 1421 1189 νόμους,
1459 1116 1711 1186 τύχωμεν
1753 1115 1863 1168 τῶν

291 1207 716 1278 ἐπηγγελμένων
744 1209 985 1278 ἀγαθῶν,
1021 1209 1204 1280 χάριτι
1231 1209 1324 1262 καὶ¹
1362 1207 1738 1278 φιλανθρωπίᾳ
1768 1205 1860 1259 τοῦ

293 1297 500 1366 Κυρίου
550 1299 707 1368 ἡμῶν
759 1299 932 1368 Ἰησοῦ
963 1299 1220 1369 Χριστοῦ.
1257 1297 1372 1367 μεθ’
1406 1292 1466 1350 οὗ
1511 1296 1585 1365 τῷ
1626 1297 1797 1364 [largi
1829 1297 1860 1364 ὴ

289 1385 440 1453 δόξα,
488 1390 584 1442 σὺν
615 1389 692 1461 τῷ
724 1389 862 1460 ἁγίῳ
911 1392 1207 1460 Πνεύματι,
1250 1389 1343 1443 νῦν
1388 1390 1480 1442 καὶ
1505 1388 1590 1441 ἀεὶ
1653 1387 1746 1441 καὶ
1783 1388 1861 1450 εἰς

293 1479 418 1542 τοὺς
451 1479 652 1546 αἰῶνας
682 1482 788 1535 τῶν
816 1481 1046 1536 αἰώνων.
1089 1483 1282 1552 Ἀμήν.

1159 1811 1192 1826 υ

1969 567 2092 622 dem
2126 567 2411 622 Dominum
2445 577 2694 623 nostrum
2735 580 3042 638 precemur,
3067 572 3124 618 ut
3157 564 3315 619 nobis
3347 577 3534 631 pacem

1969 657 2254 727 largiatur,
2291 667 2344 714 ct
2373 675 2559 729 pacem
2609 661 2806 712 anima:
2842 675 2855 710 :
2904 664 2963 710 ut
2995 672 3119 710 eum
3174 656 3227 711 in
3281 655 3536 710 omnibus

1966 749 2342 816 observantes,
2374 760 2536 820 atque
2579 748 2700 820 ejus
2736 747 2940 802 auxilio
2986 747 3244 810 nitentes,
3288 745 3536 800 invisibi-

1967 840 2100 894 lium
2143 841 2379 894 hostium
2422 840 2652 896 insidias
2689 839 3054 910 eﬂ‘ugiamus:
3093 847 3304 892 etcum
3343 851 3540 891 secun-

1967 932 2097 986 dum
2144 931 2264 1000 ejus
2297 931 2510 986 divinas
2547 932 2690 1002 leges
2723 931 3042 994 vixerimus,
3085 929 3228 983 bona
3268 927 3535 996 promissa

1969 1037 2397 1092 consequamur,
2431 1023 2604 1093 gratia
2635 1029 2689 1076 et
2713 1019 3093 1077 misericordia
3121 1017 3339 1072 Domini
3359 1017 3535 1071 nostri

1967 1112 2096 1169 Jesu
2132 1113 2360 1179 Christi,
2387 1127 2622 1184 quocum
2653 1111 2824 1185 gloria
2855 1110 3025 1172 Patri,
3051 1123 3156 1164 una
3187 1124 3310 1163 cum
3343 1115 3537 1162 sancto

1972 1203 2199 1273 Spiritu,
2233 1218 2379 1259 nunc
2409 1215 2462 1260 et
2507 1217 2746 1275 semper,
2778 1210 2830 1257 et
2871 1201 2926 1255 in
2959 1197 3159 1255 saecula
3189 1196 3538 1253 smeulorum.

1967 1294 2160 1350 Arnen.

618 1986 998 2120 ,ΤΟΥ
1075 1979 1952 2120 ΜΑΚΑΡΙΟΥ
2031 1975 3192 2116 ΘΕΟΔΩΡΗΤΟΥ

1575 2239 1976 2295 ΕΠΙΣΚΟΠΟΥ
2018 2237 2252 2292 ΚΥΡΟΥ

707 2425 1267 2517 ΕΡΜΗΝΕΙΑ
1330 2429 1500 2516 ΕΙΣ
1565 2429 1786 2514 TON
1848 2427 2466 2512 ΠΡΟΦΗΤΗΝ
2531 2415 3100 2510 ΖΑΧᾹΡΙΑΝ.

825 2812 1034 2884 ³⁵⁸³
1085 2806 1658 2992 ΒΕΑΤΙ
1767 2813 1872 2960 Τ

1980 2803 3020 2960 [EODORETI

1577 3096 1882 3154 EPISCOPI
1932 3099 2275 3156 CYliENSlS

711 3295 1703 3389 INTEBPRETATIO
1745 3295 2370 3388 ZACHARUE
2412 3293 3138 3388 PROPHETIE.

927 3657 1274 3714 ΥΠΟΘΕΣΙΣ.

375 3745 588 3816 Σφόδρα
612 3745 776 3799 πάλαι
800 3745 1246 3818 προμηθούμενος
1281 3748 1546 3802 Ἰουδαίων
1566 3748 1594 3799 ὁ
1613 3749 1722 3800 τῶν
1741 3748 1876 3801 ὅλων

299 3837 462 3906 Θεὸς,
504 3837 603 3908 οὐχ
634 3836 728 3890 ἕνα
775 3838 1060 3908 προφήτην
1095 3838 1299 3902 αὐτοῖς,
1348 3838 1484 3892 ἀλλὰ
1528 3841 1622 3895 καὶ
1660 3839 1752 3893 δύο
1784 3842 1878 3894 καὶ

296 3932 474 4001 τρεῖς,
501 3929 758 3992 πολλάκις
791 3928 849 3982 δὲ
879 3927 972 3984 καὶ
999 3930 1213 3994 πλείους
1242 3931 1458 4002 ἐφίστη,
1491 3933 1560 3986 τά
1599 3949 1658 3985 τε
1709 3950 1878 4004 προσο

299 4021 509 4092 ήκοντα
535 4020 904 4086 παιδεύοντας,
945 4023 1037 4076 καὶ
1066 4021 1136 4076 τὰ
1180 4021 1398 4077 ἔσεσθαι
1442 4023 1701 4094 μέλλοντα
1743 4043 1899 4096 προ-,

302 4109 690 4175 θεσπίζοντας.
741 4111 896 4166 Οὕτω
935 4111 1030 4164 τοῦ
1106 4113 1392 4166 θεσπεσίου
1451 4115 1878 4186 προφητεύοντος

314 4203 572 4269 Ἠσαίου,
623 4203 766 4258 κατὰ
825 4204 1018 4256 ταύτὸν
1089 4207 1460 4277 προηγόρευον
1523 4207 1592 4261 τὰ
1645 4209 1881 4276 ἐσόμενα

315 4295 502 4366 Ὠσηὲ,
531 4296 625 4350 καὶ
658 4294 831 4366 Ἰωήλ,
868 4295 962 4350 καὶ
998 4295 1199 4365 ’Δμὼς,
1227 4297 1320 4351 καὶ
1345 4299 1579 4367 Μιχαίας
1609 4301 1660 4350 oi
1698 4300 1876 4368 μακάο

304 4404 439 4458 ριοι,
477 4387 687 4458 Ῥᾴδιον
716 4387 772 4440 δὲ
801 4388 914 4450 τοῖς
943 4386 1280 4456 βουλομένοις
1313 4386 1372 4452 ἐξ
1405 4389 1584 4442 αὐτῶν
1613 4389 1718 4442 τῶν
1748 4405 1880 4460 προ-

305 4477 551 4546 φητειῶν
593 4479 721 4542 τοὺς
767 4479 995 4548 χρόνους
1040 4479 1398 4547 καταμαθεῖν.
1434 4477 1590 4533 Οὕτω
1618 4481 1712 4534 καὶ
1741 4479 1881 4550 μετὰ

301 4570 411 4638 τὴν
439 4568 547 4621 ἀπὸ
578 4569 890 4634 Βαϐυλῶνος
927 4568 1202 4634 ἐπάνοδον,
1249 4571 1341 4623 καὶ
1370 4571 1454 4622 διὰ
1482 4571 1574 4624 τοῦ
1604 4572 1879 4624 θειοτάτου

319 4659 582 4727 Ἀγγαίου
608 4660 668 4714 τὺ
701 4660 818 4716 δέον
865 4662 1060 4726 αὐτοὺς
1107 4660 1482 4726 ὲξεπαίδευσεν
1526 4666 1554 4716 ὁ
1584 4665 1880 4733 Δεσπότης,

307 4751 407 4806 καὶ
435 4751 525 4806 διὰ
557 4751 650 4804 τοῦ
683 4751 967 4806 θεσπεσίου
999 4754 1266 4824 Ζαχαρίου
1297 4754 1355 4809 τό
1384 4771 1442 4806 τε
1479 4755 1749 4825 πρακτέον
1779 4757 1877 4809 ἐ.δὶ⁸

305 4841 496 4905 δασκε,
542 4841 637 4894 καὶ
677 4840 743 4895 τὰ
776 4843 1004 4913 ἐσόμενα
1052 4843 1408 4912 προεθέσπιζε
1453 4845 1750 4916 σκυθρωπὰ
1791 4846 1882 4896 καὶ

306 4934 559 5004 θυμήρη,
589 4933 654 4986 τὰ
685 4933 782 5002 μὲν
813 4935 1017 4986 εἴκουσι
1047 4937 1159 4998 τοῖς
1191 4935 1526 5005 λεγομένοις,
1551 4936 1618 4988 τὰ
1643 4935 1699 4988 δὲ
1731 4936 1878 4988 ἀντι-

2508 3656 3014 3716 ΑΒΕΗΙΙΕΝΤΗΜ.

2049 3750 2184 3806 Cum
2233 3751 2544 3806 Judaeorum
2607 3751 2738 3804 olim
2810 3765 3000 3804 curam
3071 3749 3212 3804 Deus
3263 3749 3548 3805 universo-

1979 3859 2099 3898 rum
2161 3852 2374 3915 gereret
2429 3843 2786 3914 singularem,
2840 3841 3169 3917 noni'unum
3229 3842 3546 3914 prophetam

1981 3935 2112 3998 illis,
2145 3935 2240 3990 sed
2288 3935 2452 4002 duos,
2499 3943 2591 3989 aut
2642 3942 2774 4001 tres,
2823 3934 3098 3990 interdum
3145 3934 3308 3989 etiam
3366 3934 3550 4003 plures

1980 4026 2330 4096 praeliciebat,
2361 4035 2420 4082 ut
2440 4041 2560 4098 quae
2589 4042 2734 4096 opus
2758 4033 2944 4082 essent
2979 4026 3256 4090 docerent,
3287 4034 3341 4079 et
3366 4024 3549 4078 futura

1981 4125 2486 4186 prmmonstrarent.
2511 4117 2630 4183 Quo
2660 4117 2844 4187 itaque
2872 4126 3118 4186 tempore
3143 4117 3361 4170 divinus
3382 4114 3548 4168 Isaias

1982 4209 2364 4277 prophetabat,
2401 4207 2594 4262 eodem
2623 4214 2677 4260 et
2708 4205 3014 4260 admirandi
3045 4207 3146 4267 illi,
3183 4204 3373 4267 Oseas,
3409 4201 3546 4265 Joel,

1981 4295 2170 4358 Amos,
2199 4295 2474 4359 Micharas,
2508 4295 2691 4350 futura
2725 4293 3115 4364 praedixerunt.
3153 4293 3420 4362 Tempora
3447 4308 3546 4346 au-

1983 4394 2090 4440 tem
2123 4400 2186 4440 ex
2221 4387 2354 4456 ipsis
2378 4385 2682 4454 prophetiis
2725 4400 2834 4439 non
2855 4384 3071 4438 diﬂicile
3095 4393 3543 4454 estcognoscere.

1984 4477 2076 4534 Sic
2103 4479 2265 4531 etiam
2301 4486 2422 4548 post
2462 4478 2695 4533 reditum
2724 4494 2755 4534 e
2790 4477 3082 4548 Babylone,
3105 4483 3160 4533 ct
3190 4492 3286 4546 per
3303 4476 3547 4531 divinum

1982 4572 2238 4641 Aggazum
2279 4586 2402 4639 quee
2427 4585 2567 4640 opus
2609 4580 2728 4624 crat
2761 4569 3022 4624 Dominus
3055 4566 3336 4634 indicavit,
3367 4577 3422 4623 et
3457 4584 3552 4638 per

1983 4662 2228 4718 divinum
2270 4661 2592 4717 Zachariam
2635 4662 2766 4733 quid
2818 4661 3089 4732 agendum
3143 4669 3292 4716 esset
3339 4659 3550 4723 docuit,

1983 4761 2038 4808 ct
2067 4753 2246 4808 tristia
2292 4769 2357 4808 ac
2383 4753 2504 4808 laeta
2533 4760 2798 4808 eventura
2831 4750 3246 4824 praenuntiavit,
3284 4749 3399 4804 haec
3427 4749 3552 4819 qui.

1984 4845 2108 4898 dem
2161 4845 2462 4914 prophetiae
2506 4844 3042 4915 obtemperantibus,
3079 4841 3172 4897 illa
3217 4855 3347 4896 vero
3390 4857 3552 4912 repu-

1985 4935 2301 5004 gnantibus.
2342 4932 2541 4989 Rerum
2575 4948 2738 5002 porro
2769 4933 3136 5004 quarumdam
3183 4929 3448 5002 imagines
3477 4931 3553 4984 illi

307 5026 581 5092 λέγουσιν.
609 5025 980 5078 ’Υποδείκνυσι
1003 5026 1058 5078 δὲ
1083 5025 1230 5095 αὐτῷ
1250 5028 1343 5080 καὶ
1367 5027 1703 5098 πραγμάτων
1725 5027 1872 5080 τινῶκ.

1986 5033 2041 5080 et
2095 5027 2387 5080 simulacra
2436 5023 2696 5087 ostendit,
2733 5033 2789 5078 ut
2830 5038 2894 5078 ex
2944 5021 3411 5092 contemplatione
3439 5036 3555 5074 ser-

311 5117 527 5179 εἰκόνας
577 5116 672 5169 καὶ
717 5117 940 5180 τύπους,
987 5117 1074 5170 ἵνα
1115 5117 1468 5188 πιστοτέρους
1516 5119 1773 5188 ἀποφήνῃ
1814 5120 1879 5188 τῇ

313 5208 517 5279 θεωρίᾳ
562 5208 687 5270 τοὺς
735 5209 945 5276 λόγους.
981 5209 1242 5278 Προλέγει
1291 5209 1348 5262 δὲ
1391 5211 1552 5263 xui.”
1595 5211 1661 5264 δι’
1693 5210 1881 5273 αὐτοῦ,

1983 5131 2174 5169 mones
2215 5114 2315 5170 [ide
2356 5113 2638 5184 digniores
2682 5113 2952 5168 redderet.
2979 5110 3082 5168 Per
3117 5113 3262 5166 hunc
3293 5119 3553 5180 prwterca
3630 5103 3643 5165 ’.

1985 5207 2232 5276 prtedicil
2531 5204 2834 5260 Salvaloris
2897 5205 3072 5261 nostri
3116 5205 3318 5260 Christi
3351 5204 3556 5256 adven-

315 5301 415 5352 καὶ
444 5299 534 5352 τοῦ
571 5299 820 5370 Σωτῆρος
848 5299 1002 5369 ἡμῶν
1040 5301 1274 5370 Χριστοῦ
1307 5301 1404 5370 τὴν
1435 5301 1756 5366 παρουσίαν,
1791 5301 1872 5354 καῖ

1985 5307 2120 5361 tum,
2153 5305 2208 5351 et
2257 5296 2698 5352 mansuetudinis
2733 5297 2950 5365 plenum
3001 5295 3121 5366 ejus
3158 5309 3402 5363 regnum,
3444 5299 3554 5342 tum

313 5389 416 5460 τὴν
447 5389 750 5459 πραότητος
783 5389 945 5441 αὑτοῦ
964 5393 1009 5422 9‘
1037 5392 1308 5460 γέμουσαν
1337 5390 1630 5461 βασιλείαν,
1665 5392 1758 5444 καὶ
1787 5392 1872 5458 rh».

1985 5389 2299 5443 Judaroruln
2328 5387 2620 5453 insaniam,
2652 5398 2704 5443 et
2734 5389 3028 5442 salutari-ni
3071 5389 3403 5454 passionem,
3433 5398 3555 5449 pce-

323 5474 598 5532 Ἰουδαίων
647 5479 862 5546 μανίαν,
906 5483 999 5534 καὶ
1035 5481 1094 5532 τὸ
1143 5481 1406 5546 σωτήριον
1451 5479 1640 5543 πάθος,
1677 5479 1736 5532 τὸ
1781 5480 1872 5532 τῶν

1988 5491 2237 5535 calorum
2273 5489 2588 5538 nostrorum
2628 5483 2926 5536 remedium
2966 5477 3482 5549 pmscntissinnnn,
3509 5491 3560 5532 ct

1624 5655 1854 5708 VARIAS
1893 5653 2297 5710 LECTIONES.

359 5837 364 5841 _
395 5761 444 5794 ⁸³
472 5770 580 5825 καί.
613 5771 732 5827 Des.
773 5777 824 5826 in
857 5775 913 5828 C.
1093 5778 1212 5828 αὐτ.
1244 5776 1300 5828 In
1334 5775 1370 5828 (ἶ
1405 5783 1522 5843 post
1556 5775 1830 5844 γέμουσαν
1863 5775 2102 5843 ponitur.
