3956 6202
364 281 369 287 ’
468 325 609 395 18ῖ9ῖ

1485 340 1971 405 THEODORETI
2012 346 2348 410 EPISCOPI
2381 352 2745 414 CYRENSIS

3585 162 3599 188 δ

3575 350 3707 417 1830'

463 448 693 513 mensis,
738 447 823 503 hic
853 455 941 504 est
972 449 1179 506 mensis
1219 451 1407 522 Sabat,
1464 472 1609 514 anno
1663 462 1907 517 secundo
1935 463 2027 518 sul

2141 462 2295 533 οὗτος
2326 472 2352 522 ὁ
2387 474 2491 543 μήν
2526 475 2639 526 ἐστι
2669 472 2711 504 ¹⁰
2741 471 2940 539 Σαϐὰτ,
2977 473 3034 524 ἐν
3067 469 3142 541 τῷ
3183 470 3422 541 δευτέρῳ
3472 469 3578 523 ἔτει
3619 473 3704 526 ἐπὶ

460 537 643 605 Dario,
707 538 887 597 factus
944 551 1032 596 est
1078 556 1261 599 sermo
1317 546 1527 605 Domini
1581 552 1647 605 ad
1710 551 2032 609 Zachariam

458 627 687 713 (tl-lium)
721 628 1020 699 Barachiae,
1056 632 1226 688 [ilium
1274 636 1542 704 Addonis,
1605 643 1950 713 prophetam.
2009 664 2027 697 ι

455 715 601 768 (Sum
624 712 888 774 Hebraeus
931 729 1077 777 esset
1120 724 1413 793 propheta,
1461 712 1809 786 Hebraeorum
1858 736 2034 788 ascri-

458 804 567 873 psit
621 821 931 864 numerum.
984 810 1193 867 Hebraei
1245 825 1426 872 autem
1491 821 1727 889 primum
1787 839 2030 880 mensem

453 907 762 967 agnoscunt
797 898 1146 959 Xanthicum.
1178 906 1270 962 Sic
1292 911 1436 964 enim
1465 913 1571 968 illis
1605 914 1819 986 1597
1850 916 2031 973 Moses

452 1002 683 1060 magnus
717 990 834 1062 lege
856 997 1059 1062 sanxit,
1103 996 1310 1054 diserte
1341 1003 1660 1058 exclamans
1711 1026 1722 1061 :
1767 1026 1785 1058 ι
1828 1006 2030 1065 Mensis

455 1079 560 1137 iste
590 1083 746 1139 vobis
773 1085 1104 1157 principium
1133 1091 1425 1155 mensium,
1469 1096 1680 1164 primus
1726 1098 1833 1151 erit
1876 1098 2029 1153 vobis

456 1172 511 1226 in
541 1174 828 1233 mensibus
857 1178 983 1233 anni
1018 1189 1068 1233 τι.
1109 1199 1128 1232 ι
1174 1182 1257 1237 Ab
1289 1183 1382 1238 illo
1417 1184 1601 1255 itaque
1634 1203 1923 1245 numerare
1948 1191 2030 1245 in-

451 1262 785 1333 cipientibus
809 1266 1133 1325 undecimus
1161 1269 1329 1327 Sabat
1356 1273 1667 1330 invenietur
1697 1295 1709 1331 :
1735 1287 1819 1333 est
1844 1287 2027 1335 autem

452 1356 545 1424 qui
598 1370 630 1411 a
688 1355 1077 1417 Macedonibus
1134 1362 1340 1417 dicitur
1396 1363 1654 1422 Peritius.
1696 1369 1787 1421 Ait
1838 1369 2021 1440 itaque

452 1447 715 1517 propheta
748 1465 829 1515 se,
864 1450 917 1504 in
947 1451 1048 1506 hoc
1077 1467 1287 1520 mense,
1321 1456 1567 1510 nondum
1603 1461 1848 1514 secundo
1883 1477 2027 1517 anno

454 1540 694 1608 expleto,
720 1541 917 1597 divinae
944 1545 1133 1614 gratiae
1161 1547 1267 1601 vim
1291 1549 1489 1603 iternm
1522 1552 1857 1622 suscepisse.
1901 1554 2027 1612 Sive

450 1632 594 1685 enim
620 1647 930 1690 sermonem
950 1637 1103 1701 dicit,
1142 1639 1258 1695 sive
1280 1642 1527 1706 verbum,
1554 1644 1673 1699 sive
1693 1649 2024 1717 assumptio-

452 1737 596 1785 nem,
633 1723 749 1778 sive
782 1739 1024 1789 manum,
1062 1727 1263 1783 divinae
1311 1731 1501 1800 gratim
1535 1735 1909 1802 operationem
1940 1739 2024 1790 in-

451 1812 615 1865 dicat.
644 1810 758 1866 Hac
787 1813 1094 1873 illustratus
1123 1835 1246 1873 cum
1289 1820 1553 1877 visionem
1607 1827 1898 1893 quamdam
1942 1830 2015 1882 vi-

454 1901 646 1968 disset,
676 1917 796 1957 eam
827 1905 985 1960 nobis
1023 1908 1283 1979 scriptam
1317 1910 1561 1982 reliquit,
1592 1928 1654 1989 ac
1689 1914 1828 1968 dicit
1867 1936 1878 1969 :

529 1993 693 2051 Vsus.
722 1996 867 2053 8-H.
910 2017 928 2049 ί
980 1998 1097 2053 Vidi
1146 2011 1333 2064 noctu,
1364 2009 1421 2056 et
1450 2017 1581 2057 ecce
1614 2003 1695 2056 vir
1720 2006 2022 2062 ascendens

453 2099 621 2154 super
661 2102 861 2158 equum
898 2087 1102 2155 rufum,
1128 2097 1181 2144 et
1233 2091 1351 2159 ipse
1401 2091 1580 2145 stabat
1628 2092 1768 2146 inter
1810 2103 2023 2151 montes

456 2177 767 2246 umbrosos,
820 2192 873 2235 et
912 2187 1035 2250 post
1078 2196 1202 2235 eum
1232 2183 1358 2250 equi
1403 2183 1527 2245 rufi,
1557 2195 1610 2237 et
1657 2186 1940 2250 maculosi,
1970 2195 2024 2240 et

455 2267 612 2334 varii,
641 2277 699 2323 et—
722 2269 851 2326 albi.
884 2271 952 2325 Et
980 2270 1091 2325 dixi
1129 2290 1141 2326 :
1172 2270 1312 2337 Quid
1343 2272 1456 2339 isti,
1499 2268 1766 2330 Domine"?
1793 2274 1858 2328 Et
1888 2276 2024 2331 dixit

454 2356 521 2411 ad
557 2371 643 2413 me
663 2360 909 2429 angelus.
946 2363 1039 2430 qui
1066 2362 1391 2431 loquebatur
1425 2364 1478 2416 in
1511 2379 1595 2418 me
1627 2383 1641 2418 :
1692 2364 1799 2435 Ego
1833 2373 2017 2421 osten-

452 2444 578 2499 dam
608 2447 716 2503 tibi
751 2449 885 2518 quid
914 2450 1026 2504 sint
1055 2452 1192 2507 haec.
1223 2450 1288 2505 Et
1314 2452 1596 2524 respondit
1623 2456 1705 2509 vir
1725 2456 1817 2525 qui
1847 2456 2025 2521 stabat

455 2534 603 2592 inter
640 2548 876 2604 montes,
913 2549 967 2596 et
995 2541 1132 2597 dixit
1162 2544 1229 2596 ad
1262 2558 1346 2597 me
1384 2543 1520 2599 :lsti
1558 2555 1684 2601 sunt
1715 2561 1856 2616 quos
1882 2549 2027 2603 misit

456 2625 748 2696 Dominus,
780 2639 841 2686 ut
878 2635 1183 2690 eircuirent
1235 2650 1329 2704 per
1368 2644 1594 2692 terram.
1623 2637 1688 2692 Et
1734 2639 2028 2709 responde-

452 2726 585 2774 runt
617 2721 814 2792 angelo
838 2722 1076 2790 Domini,
1105 2727 1199 2796 qui
1228 2727 1410 2781 stabat
1444 2729 1584 2783 inter
1605 2737 1838 2793 montes,
1864 2739 2027 2799 atque

452 2810 721 2868 dixerunt
748 2834 762 2871 :
802 2816 1173 2873 (lii-cuivimus
1199 2835 1297 2887 per
1326 2833 1543 2872 omnem
1565 2827 1787 2884 terram,
1818 2830 1870 2875 et
1898 2837 2027 2876 ecce

452 2904 635 2959 omnis
689 2916 831 2961 terra
868 2907 1169 2974 habitatur,
1206 2919 1260 2965 et
1289 2910 1544 2979 quiescit.
1587 2928 1605 2961 ι
1648 2910 1872 2967 Planum
1922 2922 2024 2982 est,

450 3008 594 3062 quos
615 2996 773 3060 vidit,
810 2998 1119 3056 invisibiles
1152 3000 1390 3055 Virtutes
1429 3016 1574 3065 esse,
1620 3022 1640 3054 ι
1691 3003 1745 3057 in
1784 3005 2028 3060 ministe-

453 3084 596 3137 rium
629 3085 848 3150 missas,
908 3088 1064 3156 juxta
1124 3088 1468 3158 Apostolum,
1510 3100 1729 3160 propter
1781 3108 1875 3148 eos
1934 3094 2026 3163 qui

451 3173 823 3233 haereditatem
853 3180 1067 3249 capient
1106 3179 1300 3236 salutis
1334 3190 1376 3235 τ.
1424 3201 1441 3232 ι
1483 3181 1683 3237 Earum
1715 3194 1892 3240 autem
1918 3205 2026 3241 non

454 3264 881 3335 conspiciuntur
925 3277 1135 3321 natura:
1164 3269 1317 3338 (sunt
1356 3270 1500 3323 enim
1527 3271 1611 3325 hie
1644 3271 2027 3343 incorporea“),

453 3355 574 3424 sed,
613 3365 777 3426 prout
825 3358 880 3411 in
906 3358 1142 3428 singulis
1186 3366 1272 3413 est
1316 3374 1476 3429 opus,
1526 3360 1742 3415 illarum
1791 3364 2030 3432 speciem

454 3444 790 3513 conformat,
817 3447 912 3517 qui
946 3455 1001 3501 et
1027 3446 1248 3500 illarum
1290 3463 1354 3504 ac
1406 3464 1591 3505 rerum
1647 3452 1894 3506 omnium
1944 3461 2031 3508 est

455 3534 741 3593 Dominus.
768 3536 934 3607 quue
957 3553 1059 3593 nos
1081 3546 1275 3608 aperte
1295 3539 1479 3595 divina
1509 3539 1727 3612 1598
1747 3540 2029 3613 Scriptura

454 3628 635 3696 docet,
687 3630 937 3685 diversas
978 3646 1169 3685 earum
1233 3632 1436 3702 tlguras
1488 3634 1804 3690 ostendens.
1862 3636 2032 3689 Aliter

454 3721 601 3775 enim
627 3735 723 3781 eas
744 3719 878 3775 vidit
918 3720 1129 3789 Daniel,
1168 3723 1327 3778 aliter
1362 3723 1650 3792 Ezechiel;
1681 3726 1938 3787 etlsaias,
1977 3733 2030 3779 et

456 3807 734 3874 Michaas,
768 3812 893 3866 aliis
911 3819 963 3866 et
992 3812 1118 3869 aliis
1143 3814 1359 3884 ﬁguris.
1391 3814 1512 3871 Non
1551 3825 1733 3871 autem
1759 3816 2030 3869 multifor-

458 3916 598 3966 mes,
619 3902 714 3957 sed
744 3903 1082 3971 incorporea:
1104 3913 1231 3958 sunt
1257 3907 1570 3976 spirituales
1593 3913 1821 3966 natur-.e,
1846 3912 2027 3973 atque,

461 3998 525 4044 ut
550 4004 694 4062 opus
729 3997 834 4055 est,
885 3990 1147 4046 Dominus
1189 3994 1408 4047 illarum
1449 3994 1466 4015 ’
1514 3994 1711 4046 format
1767 3991 2027 4046 visiones.

459 4079 616 4146 Quod
648 4080 702 4133 in
732 4079 918 4135 divino
946 4081 1110 4137 etiam
1150 4081 1422 4137 Zacliaria
1471 4083 1742 4152 praestitit.
1779 4079 2031 4135 Ostendit

458 4171 604 4225 enim
635 4172 685 4227 ei
709 4171 964 4243 angelum
997 4175 1089 4244 qui
1122 4176 1322 4243 popqu
1374 4173 1702 4243 praesidebat
1744 4191 1758 4227 :
1802 4175 1848 4228 is
1902 4186 2032 4255 vero

460 4263 563 4316 fuit
595 4270 821 4320 sanctus
846 4263 1095 4329 Michael,
1129 4273 1186 4319 ut
1217 4266 1500 4334 alloquens
1539 4263 1814 4319 Danielem
1867 4280 2033 4333 ange-

462 4355 548 4409 lus
580 4355 738 4410 dixit.
774 4356 869 4409 Ille
894 4358 1035 4410 enim
1072 4357 1152 4412 sic
1174 4358 1250 4409 ait
1289 4376 1298 4409 :
1333 4375 1351 4406 ι
1384 4355 1553 4411 Nemo
1573 4365 1656 4412 est
1696 4358 1791 4426 qui
1813 4355 2033 4426 adjuvet

464 4463 547 4501 me
570 4447 711 4501 inter
727 4463 918 4501 omnes
943 4448 1045 4503 hos
1067 4449 1172 4504 nisi
1186 4447 1422 4504 Michael
1451 4452 1706 4520 princeps
1726 4461 1905 4506 vester
1933 4460 1974 4505 ε.
2010 4470 2027 4501 ι

462 4534 621 4591 Hunc
646 4538 794 4591 videt
850 4536 1183 4592 insidentem
1229 4557 1390 4609 equo,
1428 4551 1649 4610 propter
1699 4546 2031 4601 celeritatem

464 4628 756 4682 iac-torum.
789 4628 975 4697 Equus
1008 4643 1134 4683 vero
1180 4632 1362 4686 colore
1397 4633 1548 4702 rufus
1608 4636 2029 4706 indignationem

465 4719 727 4774 adversus
762 4718 985 4773 hostiles
1016 4728 1204 4789 gentes
1231 4723 1472 4778 ostendit
1505 4742 1518 4778 :
1554 4740 1675 4779 nam
1707 4729 2029 4798 sanguinem

463 4818 523 4863 et
554 4812 814 4864 ruborem
870 4812 1039 4865 refert
1089 4813 1391 4870 iracundia.
1437 4816 1645 4872 Montes
1687 4831 1866 4875 autem
1922 4838 2029 4875 non

467 4897 642 4952 solum
693 4896 1027 4967 ﬁrmitatem,
1080 4905 1175 4958 sed
1222 4905 1387 4960 etiam
1421 4909 1814 4964 sublimitatem
1848 4911 2033 4965 decla-

468 4998 593 5044 rant
644 4992 961 5059 angelorum
995 4996 1060 5050 ad
1099 4997 1403 5053 subsidium
1443 5000 1863 5055 destinatorum.
1925 5002 2033 5056 Ne-

468 5082 664 5135 morosi
696 5098 819 5135 vero
860 5093 913 5139 et
945 5085 1177 5142 umbrosi
1212 5090 1411 5143 montes
1447 5090 1739 5159 designant
1794 5092 2032 5146 divinam

466 5172 892 5239 providentiam,
939 5191 1101 5244 quam
1156 5176 1207 5231 in
1234 5176 1401 5232 Deum
1457 5180 1807 5236 credentibus
1847 5182 2035 5235 beatius

538 5378 563 5416 C1
604 5365 769 5421 Exod.
812 5388 903 5427 Sil,
944 5373 989 5424 '2.

1079 5384 1093 5409 Γ
1138 5372 1296 5426 Ηὶίίίτ.
1340 5390 1387 5437 1,
1588 5390 1606 5414 ⁸
1654 5378 1761 5429 [Ἀρ
1828 5396 1871 5439 I\._

2136 564 2365 633 Δαρείου
2408 565 2623 633 ἐγένετο
2667 567 2822 634 λόγος
2857 565 3064 635 Κυρίου
3109 566 3246 638 πρὸς
3296 563 3592 636 Ζαχαρίαν,
3620 566 3706 619 τὸν

2133 655 2227 708 τοῦ
2258 656 2528 728 Βαραχίου
2567 660 2734 712 υίὸν¹¹
2755 657 2939 723 Ἀδδὼ,
2974 657 3064 712 τὸν
3090 659 3399 728 προφήτην.
3427 677 3447 709 ι
3469 656 3707 729 Ἐϐραῖος

2133 747 2264 801 ὣνό
2310 752 2599 821 προφήτης
2660 750 2770 805 τῶν
2840 750 3106 823 Ἐΰραίων
3159 749 3406 803 τέθεικεν
3460 747 3702 819 ἀριθμὸν.

2145 839 2385 912 Ἐδραῖοι
2413 842 2469 895 δὲ
2498 844 2589 896 τὸν
2614 840 2877 897 Ξανθικὸν
2911 842 3128 913 πρῶτον
3173 842 3321 895 ἴσασι
3367 840 3515 911 μῆνα
3536 857 3550 871 ο
3573 839 3704 893 οὕτω

2132 932 2239 1003 γὰρ
2265 933 2451 996 αὐτοῖς
2484 933 2876 1005 ἐνομοθέτησεν
2909 935 2937 986 ὁ
2975 933 3145 1005 μέγας
3178 932 3385 1002 Μωσῆς
3420 930 3705 1001 διαρρήδην

2133 1021 2274 1092 βοῶν
2304 1040 2315 1051 ·
2363 1043 2381 1076 ι
2412 1016 2580 1086 Οὗτος
2611 1026 2639 1078 ὁ
2676 1024 2782 1097 μὴν
2838 1027 2967 1095 ὑμῖν
3019 1023 3161 1095 ἀρχὴ
3218 1020 3433 1093 μηνῶν,
3499 1021 3704 1091 πρῶτος

2132 1118 2260 1187 ὑμῖν
2316 1115 2471 1170 ἔσται
2504 1119 2561 1170 ὲν
2609 1120 2723 1182 τοῖς
2775 1120 2911 1190 μησὶ
2952 1118 3046 1172 τοῦ
3096 1116 3367 1171 ἐνιαυτοῦ.
3404 1133 3425 1166 ι
3473 1113 3701 1166 Ἐκεῖθεν

2128 1209 2310 1263 τοίνυν
2348 1209 2600 1281 ἀριθμεῖν
2641 1210 2969 1281 ἀρχομένοις
3010 1210 3295 1272 ἑνδέκατος
3338 1208 3367 1261 ὁ
3406 1204 3591 1259 Σαϐὰτ
3619 1204 3703 1256 εὖ·

2134 1298 2466 1374 ρεθήσεται’⁶
2502 1302 2617 1355 ἔστι
2667 1301 2726 1356 δὲ
2774 1304 2802 1355 ὁ
2840 1301 2981 1355 κατὰ
3044 1299 3365 1362 Μακεδόνας
3436 1296 3697 1365 Περίτιος.

2129 1395 2290 1464 Λέγει
2336 1395 2564 1449 τοίνυνό
2594 1395 2899 1465 προφήτης,
2956 1394 3037 1446 ὃτι
3085 1395 3143 1444 ἐν
3195 1390 3371 1459 τούτῳ
3424 1386 3506 1456 τῷ
3559 1387 3700 1457 μηνὶ,

2131 1491 2358 1561 μηδέπω
2410 1489 2504 1543 τοῦ
2564 1488 2816 1555 δευτέρου
2859 1486 3011 1548 ἔτους
3067 1479 3585 1554 συμπληρωθέντος,
3618 1480 3699 1531 ὲν-

2129 1584 2346 1652 έργειαν
2368 1582 2515 1644 θείας
2538 1579 2698 1634 πάλιν
2715 1577 2931 1645 ἐδέξατο
2962 1579 3189 1649 χάριτος
3220 1590 3235 1603 '
3269 1573 3375 1627 κᾶν
3403 1572 3517 1641 γὰρ
3550 1570 3702 1637 λόγον

2128 1674 2278 1747 εἴπῃ,
2309 1673 2411 1727 κᾶν
2446 1673 2621 1744 ῥῆμα,
2653 1672 2756 1725 κᾶν
2802 1671 3017 1742 λῆμμα,
3054 1667 3156 1721 κᾶν
3187 1668 3366 1737 χεῖρα,
3421 1663 3523 1734 τῆς
3560 1662 3701 1725 θείας

2057 1805 2099 1862 Β
2129 1766 2349 1836 χάριτος
2384 1764 2680 1817 αἰνίττεται
2720 1762 2817 1832 τὴν
2846 1762 3148 1832 ἐνέργειαν.
3192 1756 3329 1862 ’Υπδ
3357 1756 3567 1824 ταύτης
3599 1770 3701 1861 φω-

2126 1857 2421 1927 τιζόμενος.
2471 1855 2563 1907 καὶ
2614 1851 2735 1907 ίδὼν
2774 1869 2897 1905 τινα
2938 1848 3192 1923 θεωρίαν,
3227 1846 3583 1916 ἀνάγραπτον
3610 1844 3699 1897 αὖ·

2125 1951 2223 2020 τὴν
2263 1946 2648 2003 καταλέλοιπεν
2679 1948 2832 2017 ἡμῖν,
2865 1944 2957 1998 καί
2993 1960 3159 2014 φησιν
3186 1958 3200 1970 °

2196 2069 2363 2134 ἠ’-ια’.
2425 2081 2443 2114 ι
2484 2060 2735 2132 Ἑώρακα
2792 2059 2889 2129 τὴν
2935 2057 3125 2117 νύκτα,
3163 2056 3257 2108 καὶ
3288 2054 3401 2106 ίδοὺ
3424 2052 3567 2122 ἀνὴρ
3594 2053 3702 2103 ἐπι-

2125 2156 2375 2226 δεϐηκὼς
2407 2156 2500 2207 ἐπὶ
2530 2153 2694 2206 ἵππον
2729 2151 2959 2222 πυρρὸν,
2983 2149 3079 2203 καὶ
3104 2142 3261 2208 οὗτος
3292 2144 3548 2214 εἱστήκει
3576 2142 3700 2196 ἀνα-

2128 2250 2292 2319 μέσον
2317 2247 2426 2300 τῶν
2461 2245 2632 2317 ὀρέων
2669 2242 2777 2298 τῶν
2807 2242 3140 2307 κατασκίων,
3175 2239 3272 2292 καὶ
3310 2237 3493 2290 ὀπίσω
3541 2232 3701 2288 αὐτοῦ

2125 2345 2280 2397 ἵπποι
2319 2341 2539 2412 πυρραὶ,
2573 2338 2670 2393 καὶ
2713 2337 2896 2407 ψαροὶ,
2934 2335 3028 2390 καὶ
3072 2334 3328 2393 ποικίλοι,
3353 2331 3449 2384 καὶ
3499 2328 3699 2382 λευκοί.

2126 2437 2236 2490 Καὶ
2266 2431 2418 2487 εἷπον
2444 2433 2484 2465 ³³
2512 2448 2527 2463 ο
2560 2430 2627 2485 Τί
2654 2423 2818 2494 οὗτοι,
2847 2428 3018 2500 Κύριε
3044 2445 3060 2494 ;
3094 2425 3203 2479 Καὶ
3228 2420 3352 2478 εἷπε
3388 2421 3532 2494 πρός
3588 2436 3651 2490 με
3676 2421 3702 2472 ὁ

2127 2529 2371 2598 ἄγγελος,
2408 2529 2438 2580 ὁ
2467 2524 2645 2579 λαλῶν
2684 2526 2741 2578 ὲν
2786 2522 2908 2595 ὲμοί
2933 2539 2949 2553 ·
2991 2518 3131 2589 Ἐγὼ
3164 2516 3323 2580 δείξω
3372 2531 3483 2581 σοι,
3509 2512 3566 2566 τί
3596 2514 3703 2564 ἐστι

2127 2620 2316 2673 ταῦτα.
2350 2618 2459 2670 Καὶ
2483 2615 2753 2686 ἀπεκρίθη
2772 2616 2804 2666 ὁ
2822 2613 2960 2684 ἀνὴρ
2983 2613 3012 2666 ὁ
3030 2606 3349 2680 ἐφεστηκὼς
3370 2601 3704 2674 ἀναμέσον¹³

2127 2710 2236 2764 τῶν
2281 2710 2470 2781 ὀρέων,
2506 2710 2600 2762 καὶ
2647 2703 2769 2760 εἷπε
2832 2706 2967 2777 πρός
2998 2722 3064 2775 με
3088 2723 3101 2735 ·
3134 2695 3293 2755 Οὗτοί
3320 2702 3461 2753 εἰσιν
3504 2695 3600 2759 οὓς
3626 2695 3705 2760 ἐξ·

2127 2802 2413 2855 ἀπέστειλε
2443 2800 2644 2870 Κύριος
2672 2797 3015 2867 περιοδεῦσαι
3059 2795 3157 2865 τὴν
3183 2792 3309 2862 γῆν.
3338 2791 3455 2845 Καὶ
3480 2786 3706 2858 ἀπεκρίο

2129 2893 2302 2964 θησαν
2338 2890 2416 2962 τῷ
2472 2890 2688 2960 ἀγγέλῳ
2729 2887 2935 2959 Κυρίου
2985 2886 3065 2956 τῷ
3114 2884 3381 2953 ὲφεστῶτι
3431 2879 3705 2950 ἀναμέσον

2127 2985 2238 3037 τῶν
2291 2984 2481 3053 ὀρέων,
2537 2983 2630 3034 καὶ
2675 2979 2827 3034 εἷπον
2868 2997 2881 3009 ·
2928 2977 3377 3049 Περιωδεύσαμεν
3445 2971 3551 3042 τὴν
3608 2971 3705 3039 γῆν

2130 3075 2347 3129 ἃπασαν
2371 3074 2432 3138 ιδ,
2492 3076 2585 3129 καὶ
2632 3074 2739 3128 ἰδοὺ
2781 3073 2989 3141 πᾶσαή
3025 3072 3096 3139 γῆ
3125 3069 3461 3123 κατοικεῖται
3506 3064 3605 3117 καὶ
3645 3065 3705 3130 ἠ-

2056 3138 2098 3196 r‘
2131 3167 2375 3237 συχάζει.
2420 3186 2439 3220 ι
2477 3170 2538 3220 Οί
2572 3166 2669 3236 μὲν
2697 3164 2955 3234 ὀφθέντες
2976 3138 3142 3232 ξδῆλον
3164 3160 3247 3213 ὅτι
3285 3159 3517 3230 ἀόρατοι
3552 3156 3706 3209 δυνά-

2135 3276 2253 3329 μεις
2280 3259 2639 3329 ὑπάρχουσιν,
2662 3259 2741 3320 είς
2760 3256 3038 3310 διακονίαν
3062 3249 3555 3320 άποστελλόμεναι,
3574 3246 3708 3301 κατά

2129 3354 2222 3405 τὸν
2238 3353 2378 3405 θεῖον
2410 3349 2751 3416 ’Λπόστολον,
2769 3348 2858 3402 διὰ
2874 3349 3000 3409 τοὺς
3027 3345 3322 3415 μέλλοντας
3348 3340 3707 3410 κληρονομεῖν

2133 3443 2424 3514 σωτηρίαν.
2495 3440 2762 3513 Ὀρῶνται
2815 3441 2871 3493 δὲ
2935 3437 3116 3491 αὐτῶν
3189 3435 3289 3504 οὐχ
3349 3434 3407 3485 αἱ
3469 3430 3705 3500 φύσεις’

2132 3534 2411 3604 ἀσώματοι
2455 3534 2563 3603 γάρ
2611 3525 2771 3587 αὗται
2804 3546 2816 3560 ’
2849 3529 2987 3584 ἀλλὰ
3037 3527 3181 3583 κατά
3226 3525 3419 3596 χρείαν
3473 3522 3709 3588 ἑκάστην

2133 3628 2357 3678 έκτυποῖ
2379 3626 2583 3678 τούτων
2605 3623 2702 3694 τὴν
2733 3622 2964 3692 θεωρίαν
2991 3622 3020 3673 ὁ
3047 3618 3250 3673 τούτων
3277 3615 3503 3669 καὶτῶν
3543 3612 3709 3668 ἁπαν·

2131 3735 2240 3771 των
2298 3718 2590 3787 Δεσπότης.
2655 3717 2763 3769 Καὶ
2810 3714 2970 3767 τοῦτο
3043 3711 3191 3781 ἡμᾶς
3253 3706 3446 3777 σαφῶς
3500 3708 3538 3775 ἠ
3595 3703 3710 3757 θεία

2133 3810 2375 3864 διδάσκει
2435 3809 2647 3879 Γραφὴ,
2696 3807 2930 3876 διάφορα
2980 3803 3159 3858 αὐτῶν
3215 3797 3591 3853 ὑπώεικνῦσα
3646 3795 3710 3847 τὰ

2137 3904 2422 3971 σχήματαο
2458 3900 2633 3963 ἄλλως
2666 3901 2761 3970 μὲν
2790 3900 2898 3969 γὰρ
2927 3896 3123 3958 αὐτοὺς
3168 3894 3277 3947 ίδεν
3302 3892 3332 3944 ὁ
3360 3890 3587 3961 Δανιὴλ,
3622 3888 3710 3942 καὶ

2135 3996 2309 4056 ἄλλως
2351 3993 2628 4061 Ἰεζεκιὴλ,
2671 3993 2761 4044 καὶ
2802 3990 3028 4053 Ἡσαΐας
3061 3988 3156 4042 καὶ
3187 3985 3433 4054 Μιχαίας
3475 3986 3536 4036 ὲν
3577 3982 3706 4051 σχήο

2140 4105 2303 4158 μασιν
2326 4087 2551 4157 ἑτέροις.
2579 4086 2651 4137 Οὐ
2690 4083 3028 4152 πολύμορφοι
3055 4079 3133 4143 δὲ,
3164 4077 3279 4133 ἀλλ’
3328 4074 3617 4147 ἀσώματοι
3658 4073 3707 4124 αι

2135 4179 2322 4249 νοηταὶ
2347 4177 2555 4246 φύσεις,
2585 4175 2719 4246 πρὸς
2752 4174 2806 4227 δὲ
2844 4173 2905 4225 τὸ
2933 4173 3200 4242 χρήσιμον
3222 4169 3252 4220 ὁ
3282 4165 3492 4221 τούτων
3520 4160 3711 4216 Δεσπό

2137 4287 2234 4338 της
2268 4266 2594 4338 σχηματίζει
2644 4266 2740 4328 τὰς
2799 4263 3050 4333 θεωρίας.
3093 4254 3263 4313 Τοῦτο
3321 4259 3419 4310 καὶ
3473 4256 3570 4308 ἐπὶ
3620 4252 3709 4307 τοῦ

2143 4360 2413 4430 μακαρίου
2462 4357 2730 4428 Ζαχαρίου
2792 4353 3094 4422 πεποίηκε·
3126 4351 3367 4404 δείκνυσι
3407 4348 3519 4418 γὰρ
3569 4344 3711 4413 αὺτῴ

2068 4486 2107 4540 D
2140 4452 2369 4519 ἄγγελον
2420 4451 2510 4502 τον
2552 4449 2645 4501 τοῦ
2704 4447 2835 4501 λαοῦ
2891 4442 3422 4516 προστατεύοντα·ὁ
3448 4440 3505 4491 δὲ
3564 4438 3713 4540 ἅγιος

2140 4543 2359 4613 Μιχαὴλ
2390 4536 2542 4604 οὗτος
2567 4540 2653 4609 ἦν,
2686 4539 2763 4601 ὡς
2787 4541 2814 4591 ὁ
2843 4534 3370 4607 προσδιαλεγόμενος
3410 4531 3489 4601 τῷ
3519 4527 3710 4596 Δανιὴλ

2140 4638 2370 4705 ἄγγελος
2420 4635 2521 4703 ἔφη
2546 4649 2557 4661 ’
2592 4635 2797 4693 ἐκεῖνος
2838 4632 2948 4699 γάρ
3002 4645 3165 4699 φησιν
3198 4642 3210 4653 ·
3251 4626 3404 4677 «Οὐκ
3440 4624 3587 4675 ἔστιν
3636 4615 3710 4681 εἷς

2138 4728 2492 4797 ἀντεχόμενος
2525 4727 2639 4795 μετ’
2682 4722 2816 4792 ἐμοῦ
2866 4722 2993 4791 περὶ
3018 4719 3238 4781 τούτων,
3276 4716 3388 4768 ἀλλ’
3417 4715 3452 4782 ἦ
3498 4712 3710 4780 Μιχαὴλ

2137 4820 2373 4889 δ’ἅρχων
2403 4817 2575 4885 ὑμῶν.
2611 4835 2629 4866 ι
2664 4815 2862 4867 Τοῦτον
2893 4813 2995 4883 ὁρᾷ
3026 4809 3390 4879 ὲποχούμενον
3427 4808 3529 4875 μὲν
3567 4806 3710 4870 ἵππῳ

2138 4911 2225 4964 διὰ
2257 4912 2358 4981 τὴν
2408 4908 2639 4976 ὀξύτητα
2687 4905 2795 4959 τῶν
2839 4904 3132 4974 δρωμένων
3163 4918 3177 4932 ο
3214 4901 3277 4953 τὸ
3301 4899 3358 4951 δὲ
3406 4898 3502 4951 τοῦ
3549 4898 3709 4949 ἵππου

2142 5003 2372 5071 πυρῤὸν
2404 5002 2502 5072 τὴν
2530 4999 2669 5053 κατὰ
2707 4998 2814 5051 τῶν
2842 4996 3116 5064 πολεμίων
3147 4992 3315 5047 ἐθνῶν
3343 4989 3707 5059 ἀγανάκτησιν

2142 5092 2328 5161 δηλοῖο
2375 5088 2613 5157 ὕφαιμον
2648 5089 2753 5158 γὰρ
2815 5087 2908 5139 καὶ
2951 5083 3259 5154 ὑπέρυθρον
3307 5080 3370 5134 τὸ
3404 5076 3703 5148 θυμοειδές·

2144 5184 2213 5235 τὲι
2232 5184 2286 5237 δὲ
2318 5184 2423 5249 ὅρη
2454 5182 2513 5235 οὐ
2552 5181 2709 5251 μόνον
2742 5180 2802 5231 τὸ
2833 5178 3094 5248 στερρὸν,
3121 5175 3259 5228 ἁ).λά
3301 5172 3393 5225 καὶ
3436 5171 3495 5224 τὸ
3518 5167 3710 5239 ὑψηλὸν

1781 5540 2009 5593 VAl'de
2053 5538 2452 5595 LI‘LTlUNES.

518 5690 565 5729 μ’
583 5690 635 5767 ~A
669 5689 814 5745 ὲστίν
844 5693 873 5743 ὁ
907 5692 1035 5762 μήν.
1070 5691 1268 5761 Sicque
1300 5708 1488 5761 supra,
1521 5695 1557 5745 l.
1590 5710 1639 5747 c.

468 5769 527 5809 ιι.
548 5773 681 5825 γην..

1724 5697 1761 5726 ¹¹
1807 5695 1978 5767 Supra
2011 5700 2042 5752 l.
2080 5715 2127 5753 ς.
2161 5710 2275 5753 erat
2308 5698 2443 5751 υἱοῦ.

2527 5699 2565 5727 ¹²
2594 5698 2641 5751 Λ
2673 5695 2800 5750 εἶπα
2904 5696 2945 5726 ¹²
2979 5698 3063 5750 ἀν.
3096 5698 3141 5747 Α
3174 5696 3431 5746 imam."
3464 5694 3502 5745 Α
3538 5690 3703 5741 πᾶσαν
