3956 6202
275 370 406 438 1881

271 581 334 638 τὸ
363 583 420 637 δὲ
450 583 793 654 ἀμφιλαφές
847 585 940 638 καὶ
996 584 1332 640 κατάσκιον
1379 585 1498 640 τῶν
1547 587 1703 654 ὀρῶν
1752 587 1853 660 τὴν

276 676 428 731 θείαν
475 675 771 732 αἰνίττεται
800 676 1078 749 πρόνοιαν,
1103 679 1170 749 ἦν
1201 680 1317 743 τοῖς
1345 681 1426 743 είς
1459 679 1550 734 τον
1578 679 1711 734 Θεὸν
1757 680 1854 749 ὴ).-

275 768 494 822 πικὸσιν
521 769 549 824 ὁ
579 769 844 841 μακάριος
873 771 1217 841 ὑπισχνεῖται
1246 771 1412 824 Δαὸίδ
1449 786 1462 801 ·
1505 789 1523 822 ι
1563 771 1622 825 '0
1669 789 1856 826 κατοιο

275 859 391 913 κῶν
420 859 552 930 γάρ,
593 859 779 932 φησὶν,
808 859 867 914 ἐν
895 859 1118 933 βοηθείᾳ
1143 859 1238 915 τοῦ
1269 860 1554 932 Ὑψίστου,
1589 863 1647 915 ἐν
1679 863 1855 935 σκέπῃ

282 949 380 1003 τοῦ
433 949 567 1009 Θεοῦ
599 947 692 1002 τοῦ
722 949 950 1020 ούρανοῦ
1009 949 1454 1020 αὐλισθήσεταιδ
1497 950 1609 1004 Καὶ
1653 948 1852 1003 πάλιν·

283 1057 302 1088 σ
344 1038 434 1092 Ἐν
459 1041 573 1103 τοῖς
602 1039 962 1110 μεταφρένοις
1014 1040 1180 1094 αὑτοῦ
1215 1039 1526 1093 ἐπισκιάσει
1557 1055 1658 1092 σοι.
1695 1057 1714 1090 ι
1745 1038 1858 1092 Καὶ

277 1129 514 1201 ἀλλαχοῦ
546 1141 562 1160 ·
596 1148 615 1182 ι
651 1129 742 1184 Ἐν
770 1131 949 1204 σκέπῃ
975 1130 1085 1184 τῶν
1117 1130 1405 1203 πτερύγων
1437 1148 1530 1184 σου
1560 1132 1859 1196 σκεπάσεις

286 1245 376 1298 με.
420 1245 440 1280 ι
475 1227 588 1282 Καὶ
614 1227 706 1281 τδν
751 1227 968 1300 Ἰσραὴλ
1001 1228 1056 1282 δέ
1080 1230 1138 1282 ἐν
1163 1229 1231 1299 τῇ
1259 1227 1450 1299 ἐρήμῳ
1478 1226 1688 1291 στύλος
1709 1226 1860 1297 νεφέ-

279 1319 380 1390 λης
413 1319 709 1376 ἐπέσκεπε.
748 1319 954 1374 Τούτου
980 1320 1141 1393 χάριν
1167 1318 1447 1375 κάνταῦθα
1476 1321 1533 1374 ἐν
1569 1319 1719 1390 μέσῳ
1750 1317 1858 1372 τῶν

281 1411 452 1480 ὀρέων
481 1410 589 1466 τῶν
618 1411 932 1466 κατασκίων
962 1413 991 1466 ὁ
1015 1411 1109 1466 τοῦ
1129 1411 1263 1466 λαοῦ
1277 1410 1665 1482 προστατεύων
1695 1409 1860 1478 ἄγγει-

280 1501 372 1566 λος
401 1500 646 1572 έστηκὼς
671 1503 901 1574 ἑωρᾶτο,
936 1501 1034 1574 τὴν
1069 1501 1221 1556 Θείαν
1277 1501 1600 1573 ἐπικουρίαν
1625 1501 1712 1554 διὰ
1739 1498 1864 1554 τού-

280 1611 392 1648 των
431 1594 670 1666 μηνύων.
701 1595 765 1648 Oi
795 1594 852 1648 δέ
881 1595 1011 1666 περί
1045 1593 1133 1648 τὸν
1174 1592 1405 1647 Ἀκύλαν
1427 1591 1523 1646 καὶ
1539 1590 1860 1663 Σύμμαχον,

281 1689 380 1744 καὶ
399 1687 814 1759 μυρσινεῶνας
841 1687 908 1743 τὰ
933 1686 1033 1759 ὅρη
1062 1683 1576 1758 προσηγορεύκασιν
1606 1700 1618 1713 ·
1657 1683 1864 1748 εὐῶδες

282 1780 341 1834 δὲ
375 1779 437 1834 τὺ
463 1777 646 1849 φυτὸν,
678 1779 773 1833 καὶ
795 1778 874 1844 ,τά
911 1774 1090 1851 θερμὰ
1119 1777 1228 1832 τῶν
1275 1775 1464 1830 παθῶν
1529 1775 1863 1848 καταψύχειν

1531 379 1612 436 IN
1643 379 2038 440 ZACHARL-E
2064 379 2221 442 CAP.
2246 381 2296 441 Ι.

272 489 512 544 δείκνυσι
547 488 658 545 τῶν
696 493 775 556 εἰς
817 492 1138 566 ἐπικουρίαν
1167 474 1520 566 τεταγμένων
1559 496 1807 565 ἀγγέλων
1831 513 1845 528 ·

1982 500 2121 553 lavid
2165 498 2458 569 pollicetur

3389 373 3528 440 1882

2509 515 2524 550 :
2565 515 2583 548 ι
2621 495 2726 563 Qui
2766 493 2910 551 enim
2942 491 3174 558 habitat,
3230 491 3428 562 inquit,
3470 492 3526 548 in

1955 592 2232 663 adjutorin
2273 590 2572 655 Altissimi,
2597 589 2652 644 in
2697 587 3038 660 protectione
3069 585 3164 641 Dei
3221 585 3346 641 οωιί
3378 599 3533 640 com-

1956 681 2265 736 morabitur
2307 683 2349 736 ί.
2393 699 2412 734 ι
2450 677 2582 735 ltem
2621 696 2634 734 :
2675 696 2694 730 ι
2735 675 2992 748 Scapulis
3031 675 3148 733 suis
3180 673 3532 730 obumbrabit

1955 779 2007 826 te
2033 781 2082 822 ιι.
2127 788 2146 822 ι
2175 767 2238 822 Et
2269 768 2398 824 alibi
2435 785 2493 822 ει
2530 765 2648 822 Sub
2676 765 2870 820 umbra
2902 763 3114 818 alarum
3155 769 3372 816 tuarum
3407 777 3530 832 pro-

1956 865 2104 926 tcges
2132 871 2219 912 me
2244 865 2296 911 ν.
2338 875 2358 908 ι
2395 854 2461 908 Ει
2489 853 2749 926 populum
2773 867 2993 924 quoque
3023 850 3192 906 lsrael
3231 850 3286 904 in
3313 849 3534 906 deserto

1957 949 2215 1004 columna
2251 947 2418 1003 nubis
2452 946 2690 1018 tegebat.
2713 942 2930 1001 Idcirco
2953 942 3044 999 hic
3059 943 3224 999 etiam
3266 942 3321 996 in
3353 939 3534 996 medio

1960 1039 2228 1094 montium
2278 1039 2669 1094 umbrosorum
2703 1036 2909 1108 populo
2959 1029 3252 1105 Praefectus
3307 1033 3534 1104 angelus

1956 1138 2105 1188 stare
2125 1131 2438 1195 videbatur,
2479 1129 2729 1186 divinum
2757 1127 3076 1185 subsidium
3119 1127 3226 1182 hoc
3255 1127 3420 1182 modo
3452 1125 3536 1180 in-

1959 1224 2181 1281 dicans.
2206 1222 2476 1278 Craterum
2502 1221 2701 1294 Aquila
2717 1231 2780 1282 _et
2803 1219 3169 1294 Symmachus
3202 1219 3370 1275 etiam
3398 1233 3536 1289 myr-

1961 1324 2070 1370 teta
2111 1321 2396 1371 verterunt
2447 1323 2695 1370 montes-
2720 1313 2794 1368 Ea
2843 1320 3025 1368 autem
3055 1311 3241 1383 planta
3279 1317 3364 1366 est
3399 1308 3536 1364 odo-

1961 1419 2102 1477 rata,
2127 1409 2336 1465 habens
2368 1409 2478 1464 vim
2522 1408 2744 1463 morbos
2779 1405 2992 1462 calidos
3020 1401 3396 1475 refrigerandi.
3436 1400 3538 1456 De-

1964 1509 2235 1558 monstrat
2269 1502 2454 1571 itaque
2491 1498 2707 1570 1599
2744 1498 2848 1554 hoc
2873 1497 3035 1555 etiam
3067 1495 3308 1551 futuram
3333 1491 3538 1548 Judaeis

1965 1610 1995 1649 a
2034 1593 2143 1648 Deo
2178 1593 2564 1650 universorum
2596 1590 3056 1648 consolationem.
3079 1586 3151 1643 Ut
3179 1601 3308 1642 vero
3331 1601 3362 1640 a
3388 1592 3540 1656 tergo

1963 1685 2128 1740 etiam
2155 1683 2289 1736 vidit
2313 1695 2484 1751 equos
2511 1678 2683 1746 rul'os,
2705 1677 3036 1742 maculosos,
3062 1677 3266 1739 varios,
3291 1680 3345 1729 et
3362 1672 3538 1734 albos,

1967 1772 2230 1856 noscendi
2289 1771 2472 1827 studio
2529 1777 2886 1841 percontatur
2919 1780 3040 1837 quae
3076 1779 3244 1820 causa
3288 1769 3540 1818 ostenso-

284 1875 604 1944 δυνάμενον.
624 1872 934 1947 Παραδηλοϊ
955 1872 1135 1928 τοίνυν
1159 1871 1255 1926 καὶ
1284 1869 1443 1924 τοῦτο
1471 1869 1572 1940 τὴν
1595 1868 1861 1941 ἐσομένην

1982 1881 2084 1920 ὐιιι
2120 1851 2289 1921 esset.
2347 1861 2625 1916 Edocetur
2659 1866 2842 1914 autem
2879 1872 2910 1912 a
2947 1857 3121 1928 primo
3149 1855 3270 1910 viso
3314 1851 3532 1922 angelo,

301 1963 574 2029 Ἰουδαίοις
616 1963 769 2036 παρά
794 1963 888 2017 τοῦ
939 1961 1076 2017 Θεοῦ
1137 1961 1247 2016 τῶν
1299 1961 1438 2016 ὅλων
1485 1959 1860 2030 ψυχαγωγίαν.

287 2056 633 2129 Θεασάμενος
657 2057 716 2110 δὲ
739 2055 838 2112 καὶ
891 2055 1018 2120 τοὺς
1057 2053 1280 2108 ὄπισθεν
1312 2052 1686 2122 ἀναφανέντας
1723 2053 1866 2123 πυρ-

285 2146 421 2219 ρούς
443 2163 502 2200 τε
533 2146 628 2200 καὶ
655 2145 883 2218 ψαροῦς,
915 2147 1009 2198 καὶ
1048 2142 1346 2206 ποικίλους,
1391 2142 1484 2196 καί
1513 2141 1740 2206 λευκοὺς
1778 2141 1869 2194 ἴττ-

287 2255 448 2306 πους,
509 2237 836 2292 πυνθάνεται
899 2237 998 2308 μὲν
1060 2237 1253 2307 μαθεῖν
1309 2233 1628 2305 ἐφιέμενος,
1697 2232 1780 2297 τίς
1833 2231 1868 2303 ἡ

287 2332 398 2386 τῶν
448 2330 814 2401 δεικνυμένων
867 2329 1040 2382 αἰτία.
1081 2326 1406 2382 Διδάσκεται
1456 2323 1513 2378 δὲ
1559 2321 1714 2394 παρὰ
1773 2321 1868 2376 τοῦ

288 2424 509 2498 πρώτου
557 2423 810 2494 ὀφθέντος
853 2421 1111 2491 ἀγγέλου,
1139 2419 1198 2483 ὃς
1251 2417 1456 2490 μεταξὺ
1499 2416 1608 2471 τῶν
1650 2414 1792 2486 ὀρῶν
1825 2414 1868 2446 ¹⁵

289 2517 537 2588 εἱστήκει
557 2513 666 2568 τῶν
691 2511 1026 2575 κατασκίων,
1057 2511 1140 2564 ὃτι
1179 2511 1361 2563 πᾶσαν
1391 2505 1728 2561 ἐποπτεῦσαι
1771 2503 1869 2575 τὴν

289 2609 397 2676 γῆν
419 2604 803 2676 ἀπεστάλησαν
822 2622 836 2636 ·
863 2604 960 2658 καί
979 2605 1059 2666 εἰς
1089 2601 1380 2670 βεϐαίωσιν
1405 2599 1512 2654 τῶν
1545 2599 1870 2670 εἰρημένων,

291 2696 391 2750 καὶ
425 2695 478 2748 οἱ
500 2697 612 2759 τοῖς
637 2693 994 2758 παντοδαποῖς
1025 2693 1256 2758 ἐκείνοις
1279 2689 1634 2764 ἐποχούμενοι
1661 2689 1872 2754 ἵπποις,

292 2785 506 2856 ἔφασαν
535 2784 670 2857 πρὸς
692 2785 783 2840 τὸν
811 2785 1094 2854 ἐφεστῶτα
1123 2783 1353 2848 ἐκείνοις
1383 2785 1496 2846 τοϊς
1534 2781 1719 2853 ὄρεσιν
1777 2780 1878 2846 ἄγ-

291 2877 476 2948 γελον,
499 2879 584 2932 ὅτι
609 2877 798 2932 Πᾶσαν
827 2873 1282 2948 περιοδεύσαντες
1306 2873 1405 2947 τὴν
1447 2873 1554 2944 γῆν
1616 2863 1876 2941 οἰκουμέ⁶

293 2986 417 3040 νην,
464 2967 703 3039 εῦραμεν
755 2969 981 3040 εἰρήνης
1029 2967 1407 3022 ἀπολαύουσαν
1461 2965 1556 3020 καὶ
1604 2964 1874 3035 γαλήνης.

296 3059 518 3113 Τούτων
543 3059 600 3112 δέ
631 3057 870 3120 ἀκούσας
921 3059 950 3112 ὁ
975 3057 1069 3110 τοῦ
1101 3057 1234 3112 λαοῦ
1273 3057 1375 3127 τὴν
1405 3054 1743 3126 προστασίαν
1775 3070 1877 3106 πε-

298 3150 660 3223 πιστευμένος
716 3149 968 3220 ἄγγελος,
1017 3150 1112 3204 καί
1160 3149 1366 3220 σφόδρα
1409 3147 1764 3218 δυσχεράνας,
1797 3147 1879 3200 ὄτι

1965 1958 2060 2028 qui
2088 1957 2228 2010 inter
2250 1961 2465 2008 montes
2492 1952 2784 2007 umbrosas
2805 1947 3166 2010 consistebat,
3190 1943 3334 2016 quod
3354 1949 3544 2000 essent

1967 2049 2122 2106 missi
2151 2049 2218 2103 ad
2252 2049 2568 2104 universam
2609 2057 2811 2100 terram
2864 2039 3349 2111 perlustrandam;
3381 2043 3546 2102 atque

1970 2141 2037 2196 ad
2100 2138 2576 2196 conﬁrmationem
2619 2147 2961 2202 eornmqum
3013 2130 3288 2186 dixerant,
3347 2125 3439 2196 qui
3488 2124 3545 2178 in

1972 2231 2082 2286 illis
2116 2227 2287 2284 variis
2335 2227 2494 2296 equis
2548 2223 2839 2288 sedebant,
2873 2221 3133 2274 dixerunt
3187 2217 3253 2270 ad
3293 2215 3546 2284 angelum

1971 2323 2118 2376 inter
2139 2327 2353 2374 montes
2382 2316 2798 2380 consistentem,
2832 2325 2913 2373 se,
2945 2324 3068 2366 cum
3099 2316 3302 2362 terram
3332 2319 3548 2360 omnem

1976 2417 2382 2486 peragrassent,
2411 2409 2466 2463 in
2502 2407 2634 2461 orbe
2667 2415 2938 2461 terrarum
2986 2413 3174 2471 pacem
3207 2406 3263 2452 et
3313 2395 3550 2466 quietem

1975 2485 2331 2563 constitutam
2361 2499 2654 2570 reperisse.
2681 2494 2798 2570 [ἰὲ]
2827 2493 2947 2559 Quo
2967 2491 3182 2553 audito,
3211 2488 3441 2557 angelus
3461 2485 3551 2540 cui

1977 2596 2166 2669 populi
2203 2593 2460 2648 mandata
2493 2599 2614 2644 erat
2637 2585 2986 2658 prmfectura,
3025 2581 3379 2636 vehementer
3410 2577 3552 2629 indi-

1975 2666 2195 2760 gnatus,
2240 2680 2386 2752 quod
2443 2678 2702 2732 omnibus
2757 2688 2893 2746 pace
2942 2670 3273 2733 l‘ruentibus,
3319 2666 3551 2736 populus

1977 2757 2082 2833 sibi
2123 2772 2402 2835 subditus,
2445 2769 2500 2822 in
2529 2765 2792 2822 a-rnmnis
2818 2761 3000 2816 adhuc
3037 2757 3340 2814 innumeris
3371 2768 3554 2810 versa-

1979 2879 2154 2930 retur,
2193 2863 2424 2935 supplex
2448 2859 2736 2913 Dominum
2774 2855 3029 2910 obsecrat
3061 2871 3072 2907 :
3117 2868 3136 2902 ι
3183 2849 3408 2903 Domine
3436 2861 3559 2900 oni-

1981 2961 2258 3028 nipotens,
2310 2963 2610 3022 usquequo
2643 2962 2753 3000 non
2791 2941 3138 2998 misereberis
3170 2937 3559 3006 Hierosolyma:

1981 3059 2035 3104 et
2058 3047 2274 3101 urbium
2305 3041 2482 3104 Iudae,
2521 3053 2661 3108 quas
2708 3031 3049 3104 despcxisti?
3088 3028 3194 3086 Istc
3225 3035 3306 3084 est
3340 3032 3560 3096 septua-

1982 3140 2224 3210 gesimus
2261 3148 2458 3189 annus.
2519 3150 2538 3182 ι
2610 3129 2705 3184 Est
2775 3109 2958 3179 autem
3009 3115 3558 3176 animadvertendum

299 3207 521 3296 πάντων
547 3207 776 3314 εἰρηνηςΙ
793 3207 1176 3294 άπολ-αυόντων
1387 3207 1541 3304 αύτῷ
1550 3207 1878 3306 τεταγμένος

1989 3207 2006 3251 ί
2031 3227 2233 3300 prioris
2263 3221 2600 3294 captivitatis
2625 3229 2840 3285 tempus
2865 3211 3196 3282 completum
3222 3207 3390 3260 fuisse
3417 3217 3562 3255 anno

2374 3313 2399 3314 ί
2800 3305 2812 3314 ,
2911 3303 2927 3314 _
3126 3309 3139 3314 _
3187 3299 3200 3314 ,
3296 3297 3308 3310 ,
3395 3311 3413 3314 _
3453 3293 3525 3314 ἢ,

297 3333 433 3397 λάδς
458 3335 503 3366 ¹⁶
543 3333 764 3405 μυρίαις
788 3330 866 3386 ἑτι
899 3333 1205 3402 συμφοραῖς
1229 3327 1614 3401 προσπαλαίει,
1647 3325 1882 3380 ἱκετείαν

297 3422 382 3495 τῷ
412 3423 657 3496 Δεσπότῃ
689 3421 1012 3494 προσφέρει·
1045 3441 1063 3473 t
1089 3420 1262 3492 Κύριε
1279 3421 1320 3452 ⁸⁷
1345 3418 1758 3490 παντοκράτωρ,
1777 3414 1884 3478 ἓως

301 3517 449 3580 τίνος
490 3517 550 3569 οὐ
613 3515 688 3588 μὴ
733 3513 970 3586 ἐλεήσῃς
1015 3512 1114 3582 τὴν
1153 3509 1527 3584 Ἰερουσαλὴμ,
1581 3509 1674 3562 καὶ
1717 3505 1816 3568 τὰς
1842 3505 1886 3537 ³⁸

303 3605 489 3670 πόλεις
527 3604 717 3668 Ἰούδα,
762 3603 828 3668 ἃς
895 3603 1212 3674 ὑπερεῖδεςς
1262 3601 1432 3657 Τοῦτο
1493 3596 1888 3670 έῦδομηκοστὸν

305 3697 449 3758 ἔτος.
477 3715 496 3748 ι
517 3695 736 3771 ⁵’ἰστέον
769 3693 826 3748 δέ
850 3693 927 3758 ὡς
955 3694 1051 3764 τῆς
1081 3692 1179 3764 μὲν
1209 3691 1484 3764 προτέρας
1509 3685 1886 3758 αἰχμαλωσίας

305 3789 336 3842 ὁ
370 3787 557 3860 χρόνος
593 3784 988 3857 συνεπληρώθη
1011 3785 1071 3838 ἐν
1105 3781 1182 3854 τῷ
1228 3779 1430 3852 πρώτῳ
1480 3779 1589 3832 ἔτει
1627 3775 1812 3848 Κύρου
1847 3777 1890 3810 ¹⁹

306 3880 407 3934 τοῦ
453 3878 682 3950 Περσῶν
739 3877 1176 3950 βασιλεύσαντος,
1213 3873 1307 3928 τοῦ
1365 3871 1569 3941 ἀγαθοῦ
1625 3871 1732 3924 ςκαί
1769 3868 1892 3938 φιλ-

310 3967 602 4041 ανθρώπου
617 3965 916 4034 Δεσπὸτου,
944 3966 1008 4038 τῇ
1034 3964 1200 4037 πείρα
1219 3963 1326 4018 τῶν
1351 3961 1536 4016 κακῶν
1559 3959 1654 4015 καὶ
1681 3961 1770 4014 τδν
1796 3959 1895 4029 τῆς

313 4061 680 4134 προρρήσεως
741 4056 1253 4128 ωναριθμήσαντος
1291 4053 1482 4127 χρόνον
1527 4069 1544 4084 ο
1597 4052 1689 4106 καὶ
1740 4048 1898 4104 τοῦτο

311 4149 704 4222 ἀκριϐέστερον
744 4149 800 4200 ἐν
834 4149 900 4218 τῇ
935 4145 1030 4200 τοῦ
1073 4144 1333 4216 Ἰεζεκιὴλ
1387 4141 1754 4213 ἀπεδείξαμεν
1807 4141 1900 4210 ἐρ-

317 4240 538 4314 μηνείᾳ,
607 4241 686 4312 Τῇ
714 4239 771 4292 δὲ
801 4234 1007 4308 ἐρημίᾳ
1048 4235 1148 4304 τῆς
1189 4231 1551 4304 Ἰερουσαλὴμ
1579 4231 1608 4283 ὁ
1666 4230 1900 4298 ἑϐδομη-

315 4331 620 4402 κοντούτης
655 4323 1048 4396 συνεπληρώθη
1091 4323 1282 4394 χρόνος
1313 4323 1370 4374 ἐν
1402 4319 1479 4390 τῷ
1507 4317 1745 4386 δευτέρῳ
1790 4317 1902 4369 ἔτει

315 4423 420 4496 τῆς
445 4422 670 4494 Δαρείου
723 4416 1012 4490 βασιλείας.
1067 4413 1270 4467 Τούτου
1329 4410 1384 4464 δὲ
1423 4407 1686 4480 ἄρχεσθαι
1739 4421 1908 4476 προσο

318 4518 446 4589 ήκει
477 4515 570 4568 τοῦ
605 4509 838 4584 ἀριθμοῦ
878 4509 985 4564 ἀπὸ
1013 4507 1105 4562 τοῦ
1155 4503 1436 4558 ἑνδεκάτου
1465 4501 1614 4564 ἔτους
1662 4496 1906 4552 Σεδεκίου

1986 3293 2162 3391 primo
2208 3293 2347 3388 Cyri
2373 3313 2662 3368 Persarum
2704 3305 2870 3374 regis,
2911 3303 3058 3358 bono
3091 3309 3146 3355 ct
3187 3297 3422 3366 benigno
3453 3293 3560 3348 Do-

1993 3411 2164 3475 mino,
2211 3420 2336 3461 cum
2392 3400 2655 3458 aerumnis
2695 3411 2834 3468 quas
2885 3393 3096 3462 experti
3147 3398 3322 3448 erant.
3355 3395 3566 3453 tempus

1989 3503 2153 3558 etiam
2197 3495 2570 3570 pra‘dictionis
2598 3493 2998 3544 annumeranle
3035 3501 3049 3538 :
3077 3479 3223 3552 quod
3251 3477 3566 3533 accuratius

1989 3595 2044 3648 in
2073 3567 2488 3647 commentariis
2517 3584 2570 3637 in
2600 3579 2940 3636 Ezechielem
2969 3573 3340 3630 ostendimus.
3384 3567 3566 3622 Vasti-

1990 3682 2120 3737 tatis
2177 3686 2360 3734 autem
2411 3670 2812 3740 Hierosolyma:
2857 3662 3202 3734 septuaginta
3246 3658 3376 3712 anni
3417 3670 3570 3710 com-

1991 3775 2122 3846 pleti
2179 3779 2307 3829 sunt
2361 3763 2604 3825 secundo
2660 3774 2806 3816 anno
2851 3755 3005 3827 regni
3039 3752 3205 3808 Darii.
3263 3749 3361 3804 llic
3410 3759 3572 3818 porro

1995 3881 2260 3924 numerus
2284 3859 2630 3920 inchoandus
2668 3863 2754 3912 est
2802 3853 2871 3908 ab
2905 3864 3052 3905 anno
3092 3845 3389 3902 undecimo
3429 3841 3573 3912 regis

1999 3958 2260 4018 Sedecizr,
2277 3955 2379 4010 sub
2403 3967 2512 4023 quo
2527 3951 2655 4004 urhs
2673 3952 2831 4017 capta
2851 3943 2970 3998 l‘uit.
2987 3941 3042 3996 Si
3067 3939 3192 4011 quis
3207 3931 3574 4006 1600enim

1999 4053 2169 4110 ducto
2199 4047 2328 4104 inde
2379 4045 2538 4101 initio
2579 4040 2894 4109 investiget,
2932 4043 3147 4103 tempus
3185 4029 3290 4082 hoc
3335 4024 3574 4093 complc-

2003 4154 2114 4198 tum
2182 4140 2355 4196 fuisse
2420 4134 2662 4192 inveniet
2717 4123 3152 4184 annosecundo
3209 4117 3361 4188 regni
3430 4114 3574 4167 Darii

2003 4231 2295 4306 Hystaspis
2327 4227 2444 4282 lilii.
2479 4225 2594 4279 Hoc
2622 4208 2790 4292 igitur
2822 4217 3007 4286 populi
3047 4217 3378 4306 procurator
3405 4218 3575 4272 ange-

2006 4293 2092 4376 lu‘s
2125 4293 2292 4374 Deum
2326 4314 2756 4382 omnipotentem
2789 4310 2964 4372 rogat,
2998 4309 3053 4353 ut
3085 4293 3490 4368 praidictionem
3522 4297 3577 4344 et

2007 4417 2221 4478 tempus
2249 4404 2372 4474 ejus
2400 4381 2737 4470 completum
2763 4391 3038 4453 attendat,
3060 4397 3114 4442 et
3163 4400 3229 4440 nc
3253 4383 3442 4438 urbem
3470 4381 3576 4435 sibi

2010 4471 2390 4553 consecratam
2439 4487 2684 4544 vastitati
2725 4483 2985 4538 traditam
3041 4477 3353 4534 diutissime
3389 4471 3577 4540 despi—

319 4559 416 4663 τοῦ
461 4559 858 4676 βασιλέιωςῐέφ⁹
885 4593 946 4654 οὗ
977 4559 1092 4670 ἥλω
1121 4599 1154 4669 ἡ
1195 4595 1372 4659 πόλις.
1401 4595 1464 4646 Εἰ
1495 4559 1610 4662 γάρ
1628 4607 1710 4654 τις
1763 4590 1878 4642 ἐκεῖ

2011 4589 2142 4642 ciat.
2175 4581 2291 4656 [i3]
2319 4581 2494 4646 Quam
2527 4573 2898 4646 precationem
2923 4566 3188 4620 Dominus
3222 4559 3534 4628 suscipiens
3565 4575 3578 4610 :

2346 4675 2353 4676 ί
2442 4672 2452 4676 ”
2577 4670 2588 4676 “
2793 4664 2808 4676 ⁸
2871 4671 2881 4676 ⁸
3035 4657 3186 4676 ν-μ-ΙΑ
3245 4649 3486 4676 Ian-“sna:
3525 4649 3578 4676 ἶ..

323 4700 416 4755 θεν
447 4698 755 4770 ἀρξάμενος
785 4693 1090 4765 ἐρευνήσοι,
1130 4689 1354 4759 εὑρήσει
1406 4685 1596 4738 τοῦτον
1650 4679 1900 4751 συμπλη-

330 4793 589 4864 ρούμενον
616 4789 706 4842 τὸν
729 4785 920 4858 χρόνον
949 4785 1004 4836 ἐν
1037 4780 1112 4852 τῷ
1136 4778 1375 4850 δευτέρῳ
1406 4775 1516 4830 ἔτει
1545 4775 1646 4846 τῆς
1674 4772 1902 4844 Δαρείου

323 4882 419 4938 τοῦ
467 4879 771 4936 Ὑστάσπου
810 4875 1110 4947 βασιλείας.
1165 4871 1337 4924 Τοῦτο
1373 4869 1554 4924 τοίνυν
1587 4869 1614 4920 ὁ
1650 4865 1745 4919 τοῦ
1773 4861 1903 4916 λαοῦ

331 4971 780 5048 προμηθούμενος
813 4967 1042 5036 ἄγγελος
1072 4965 1162 5019 τὸν
1187 4962 1295 5016 τῶν
1323 4961 1460 5016 ὅλων
1493 4957 1724 5013 ἰκετεύει
1749 4955 1902 5022 Θεὸν,

327 5067 410 5134 είς
445 5083 508 5120 τε
537 5065 636 5136 τὴν
665 5062 970 5136 πρόρρησιν
1015 5057 1248 5118 ἀπιδεῖν,
1304 5054 1397 5108 καὶ
1439 5053 1531 5106 τὸν
1564 5050 1754 5122 χρόνον
1807 5063 1908 5100 πε-

333 5157 686 5230 πληρωμένον
720 5155 866 5221 ἰδεῖν,
902 5153 998 5204 καὶ
1034 5150 1133 5220 τὴν
1167 5145 1553 5219 ἀφιερωμένην
1582 5141 1732 5212 αὐτῷ
1755 5139 1908 5194 πόλιν

335 5250 540 5324 ἐρημίᾳ
595 5248 850 5302 παντελεῖ
908 5240 1346 5314 παραδεδομένην
1420 5235 1768 5290 ἐπιπλείστον
1835 5232 1912 5302 μὴ

421 5430 434 5463 ί
469 5425 610 5482 Psal.
647 5441 746 5489 xc,
781 5425 828 5478 l.
935 5431 959 5458 υ
995 5418 1128 5474 ibid.
1160 5417 1212 5472 4.
1287 5422 1316 5454 ν
1351 5413 1490 5470 Psal.
1525 5429 1650 5476 xw,
1689 5413 1738 5464 8.

2016 4701 2033 4734 ι
2084 4649 2406 4748 Respondit,
2441 4670 2618 4743 inquit
2653 4664 2942 4738 propheta,
2996 4657 3190 4728 angelo
3245 4649 3580 4748 loquenti-in

2011 4786 2118 4835 me,
2160 4739 2322 4824 verba
2353 4765 2496 4820 bona
2521 4739 2582 4818 et
2636 4770 2920 4814 sermones
2958 4745 3379 4806 consolatorios.
3415 4761 3434 4793 ι
3473 4739 3584 4795 Nec

2011 4877 2144 4920 vero
2185 4861 2351 4915 alium
2409 4854 2662 4926 angelum
2697 4849 2848 4903 hunc
2891 4845 3024 4899 dicit
3051 4852 3212 4912 quam
3267 4837 3442 4900 illum,
3492 4833 3586 4902 qui

2013 4957 2155 5011 inter
2192 4960 2410 5006 montes
2442 4941 2783 5002 consistebat
2822 4957 2836 4993 :
2870 4935 2964 4992 sed
2991 4931 3242 4989 eumdem
3281 4927 3453 4989 illttm,
3491 4922 3588 4993 qui

2015 5055 2067 5103 et
2101 5045 2280 5115 ipsum
2315 5037 2724 5108 alloquebatur,
2767 5038 2818 5084 ct
2869 5041 2970 5098 pro
2996 5022 3196 5095 pepulo
3223 5015 3586 5089 supplicabat.

2015 5107 2156 5193 Dicit
2177 5143 2359 5188 autem
2381 5107 2504 5186 enim
2540 5127 2596 5180 in
2636 5140 2694 5180 se
2713 5121 2889 5192 loqui,
2925 5116 3072 5188 quod
3100 5128 3207 5168 non
3252 5107 3438 5164 verbis
3473 5111 3589 5193 ute-

2017 5237 2192 5290 retur,
2224 5232 2280 5282 et
2305 5236 2435 5279 voce
2464 5224 2616 5274 motu
2648 5191 2848 5285 linguae
2881 5223 2944 5264 ac
2987 5201 3401 5276 rcpercussione
3447 5191 3591 5247 aeris

1646 5563 1878 5618 “illi/l5
1918 5557 2322 5618 LEC'I‘lONES.

397 5723 442 5754 ”
467 5721 718 5788 (Σύρέειν.
801 5718 902 5769 ""(I
931 5716 1084 5766 λεὼς.
1167 5714 1206 5742 ⁸⁷
1252 5712 1412 5778 Κύρ..
1445 5727 1477 5761 κ
1527 5724 1572 5787 τ’.

349 5789 487 5850 εἷπε.
565 5784 630 5821 ’⁸⁸
654 5793 766 5850 τὰς.
804 5787 874 5838 Et
912 5791 946 5836 Α
981 5800 1028 5840 Cl
1062 5786 1100 5835 (ἰ
1132 5787 1306 5850 Suppl.
1421 5784 1450 5809 ‘2

845 5873 872 5887 κ

1617 5708 1664 5756 λ,
1718 5704 1916 5767 Supra,
1950 5713 2000 5764 p.
2041 5692 2193 5758 129.7,
2230 5705 2412 5760 praem.
2451 5687 2558 5740 Καὶ
2605 5679 2876 5746 ἀπεκρίθη
2923 5674 2950 5723 δ
2989 5668 3209 5736 ἅγγελος
3249 5662 3472 5736 Κυρίυυι
3506 5661 3596 5716 καί

1421 5784 1458 5809 ‘1'
1493 5775 1625 5844 Κλὲςι.
1653 5775 1692 5826 t‘.
1720 5765 1909 5840 prrut.
1946 5765 2062 5816 τοῦ.
