3956 6202
463 325 483 393 I
496 331 597 396 387

1469 332 1953 393 THEODORETI
1986 332 2322 393 EPISCOPI
2351 334 2712 398 CYRENSIS

3575 339 3698 404 1888

458 439 553 510 qui
587 436 843 494 habitatis
871 436 1014 508 npud
1052 435 1264 509 1605
1293 435 1454 492 ﬁliam
1479 438 1796 511 Babylonis.
1841 461 1859 492 ι
1891 440 2028 496 Cum

2141 444 2182 495 at
2253 445 2631 511 κατοικοῦντες
2704 448 2980 520 θυγατέρα
3029 448 3370 514 Βαϐυλῶνος.
3418 469 3437 503 ι
3492 453 3697 518 Ταύτας

461 528 576 584 haec
623 530 870 585 habeatis
920 528 1212 599 promissa,
1238 545 1345 584 non
1378 544 1475 585 vos
1525 540 1735 585 tantum
1767 533 2025 587 conlidite

461 616 556 686 qui
589 617 789 673 reversi
817 616 932 686 jam
963 616 1122 680 estis,
1149 617 1242 672 sed
1279 633 1374 673 vos
1405 618 1567 673 etiam
1602 621 1696 689 qui
1727 621 1906 676 adhuc
1930 620 2028 674 Ba-

464 708 663 776 bylone
685 721 752 760 ex
782 706 1062 761 voluntate
1089 715 1269 762 vestra
1305 709 1557 765 residetis
1582 712 1730 780 (nam
1752 726 1876 765 cum
1898 711 2026 766 re-l-

458 794 625 849 eundi
652 803 891 865 potestas
908 795 1034 850 data
1068 804 1235 862 esset,
1260 797 1606 870 distulistis),
1651 802 1708 856 in
1736 804 1752 823 '
1784 811 2024 858 vestram

461 887 693 955 patriam
729 888 906 942 redire
933 887 1204 956 festinate,
1226 905 1387 960 quam
1421 892 1476 947 in
1519 893 1752 962 priorem
1797 893 2032 949 felicita-

461 986 569 1031 tem
602 978 846 1047 proxime
875 979 1182 1034 restituam.

535 1066 701 1122 Vens.
753 1068 807 1134 8,
838 1068 893 1124 9.
945 1087 964 1121 ι
999 1068 1140 1135 Quia
1194 1069 1309 1125 haec
1356 1069 1491 1127 dicit
1538 1071 1800 1128 Dominus
1855 1073 2035 1128 omni-

463 1167 692 1227 potens:
719 1159 846 1215 Post
869 1162 1100 1233 gloriam
1136 1160 1286 1218 misit
1315 1178 1402 1216 me
1431 1165 1496 1219 ad
1530 1175 1720 1235 gentes
1751 1180 1877 1234 quae
1902 1181 2033 1235 spo-

462 1249 734 1304 Iiaverunt
755 1266 874 1315 vos,
939 1252 1060 1321 quia
1110 1253 1203 1321 qui
1239 1252 1479 1321 tetigerit
1518 1267 1636 1320 vos,
1669 1253 1825 1322 quasi
1862 1253 2036 1322 tangit

463 1340 729 1409 pupillam
772 1341 918 1396 oculi
969 1341 1109 1411 ejus.
1138 1341 1276 1409 Quia
1326 1356 1458 1397 ecce
1491 1358 1592 1414 ego
1645 1341 1878 1397 inferam
1920 1357 2035 1395 ma-

464 1448 593 1486 num
628 1447 802 1487 meam
844 1448 1009 1502 super
1035 1448 1156 1497 eos,
1189 1442 1242 1488 et
1279 1445 1441 1488 erunt
1467 1434 1663 1503 praeda:
1689 1434 1772 1489 his
1797 1433 1890 1504 qui
1915 1447 2035 1488 ser-

464 1521 685 1575 viebant
714 1521 794 1576 eis
828 1534 844 1575 :
873 1529 928 1576 et
978 1522 1328 1594 cognoscetis
1372 1521 1664 1578 Dominum
1692 1522 2035 1592 omnipoten-

465 1621 572 1664 tem
630 1610 852 1665 misisse
916 1628 1022 1668 me.
1074 1633 1094 1665 ι
1153 1612 1330 1668 Tanto
1389 1614 1558 1678 enim,
1619 1612 1819 1682 inquit,
1873 1627 2039 1682 opere

467 1702 608 1758 Deus
633 1704 1013 1759 universorum
1046 1720 1133 1761 res
1159 1714 1372 1761 vestras
1404 1705 1741 1775 procurabit,
1768 1713 1826 1758 ut
1848 1720 2035 1775 quem-

464 1796 572 1859 vis,
613 1798 704 1866 qui
762 1796 828 1851 ad
880 1813 976 1852 vos
1028 1798 1303 1854 Iaedendos
1341 1798 1592 1863 accedat,
1636 1797 1934 1853 arbitretur
1981 1805 2036 1852 et
2065 1779 2107 1834 Β

466 1885 610 1939 oculi
649 1886 907 1955 pupillam
966 1886 1236 1957 attingere
1282 1905 1295 1941 :
1340 1902 1447 1941 non
1501 1886 1649 1956 quod
1689 1901 1890 1956 corpus
1934 1886 2033 1939 ha-

467 1978 615 2042 beat,
657 1986 821 2045 atque
854 1977 910 2032 in
948 1978 1192 2032 membra
1227 1978 1442 2034 divisus
1475 1977 1570 2044 sit,
1598 1992 1723 2031 nam
1754 1978 1875 2031 sine
1913 1991 2037 2030 cor-

465 2085 599 2140 pore
657 2080 710 2125 et
756 2070 1265 2137 incircumscriptus
1304 2077 1388 2123 est
1420 2069 1803 2124 universorum
1838 2068 1981 2123 Deus
2018 2087 2032 2124 :

467 2160 560 2214 sed
590 2175 698 2229 quo
746 2158 945 2213 aﬂ‘ectu
988 2158 1249 2227 prwditus
1294 2157 1386 2219 sit,
1421 2157 1679 2211 humanis
1721 2156 1898 2212 modis
1942 2173 2034 2213 os-

468 2250 661 2303 tendit.
702 2251 856 2303 Hanc
895 2249 1058 2304 etiam
1100 2249 1182 2302 sui
1216 2262 1405 2302 curam
1443 2248 1641 2301 beatus
1675 2246 1841 2300 David
1874 2248 1944 2301 ab
1971 2263 2038 2302 eo

467 2339 623 2407 petit,
658 2339 849 2392 dicens
882 2357 894 2390 :
928 2355 947 2388 ι
985 2337 1208 2392 Custodi
1239 2352 1343 2402 me,
1392 2335 1641 2401 Domine,
1672 2347 1728 2391 ut
1778 2338 2034 2406 pupillam

464 2428 614 2482 oeuli
644 2435 691 2482 ι.
736 2445 755 2478 ι
797 2426 1032 2489 Idcirco,
1075 2426 1272 2496 inquit,
1295 2441 1488 2479 omnes
1530 2440 1624 2480 eos
1658 2429 1746 2495 qui
1777 2441 1871 2480 vos
1901 2441 2038 2496 prac-

466 2518 577 2572 dati
623 2516 866 2578 fuerunt,
904 2517 957 2571 in
1006 2525 1338 2586 potestatem
1396 2517 1745 2570 subditorum
1810 2533 2036 2571 suorum

467 2609 730 2677 redigam,
760 2616 813 2660 et
854 2607 969 2661 haec
1000 2608 1068 2662 ab
1103 2608 1213 2662 illis
1241 2608 1515 2677 patientur
1543 2608 1741 2677 quibus
1772 2624 1869 2664 vos
1910 2608 2041 2662 aﬂ'e-

466 2705 660 2751 cerunt
687 2717 699 2750 ;
729 2698 1005 2765 rebusque
1051 2696 1187 2767 ipsis
1232 2697 1516 2751 veritatem
1570 2696 1878 2750 divinorum
1912 2712 2039 2751 ora-

467 2789 716 2842 culorum
748 2789 1111 2856 cognoscetis.
1151 2787 1277 2845 Htee
1307 2802 1436 2842 vero
1483 2788 1663 2859 typice
1704 2788 1813 2845 illis
1844 2803 2039 2843 evene-

468 2885 596 2930 runt
625 2896 636 2929 :
662 2877 959 2945 prophetiae
993 2884 1174 2932 autem
1201 2878 1406 2933 veritas
1440 2877 1494 2932 in
1527 2878 1685 2933 nobis
1712 2880 2038 2949 apertiorem

467 2967 672 3023 exitum
708 2967 918 3022 habuit.
963 2967 1247 3024 Daemonas
1280 2968 1424 3023 enim
1483 2984 1582 3024 nos
1621 2969 2037 3040 depopulantes,

468 3067 524 3114 et
572 3067 804 3113 mentem
859 3067 1109 3115 nostram
1169 3058 1276 3114 sibi
1331 3059 1699 3123 vindicantes,
1744 3061 2039 3129 omniaque

471 3150 644 3204 nostri
672 3148 878 3221 1605
909 3149 1158 3220 corporis
1183 3150 1424 3205 membra
1454 3151 1508 3205 in
1535 3153 1853 3208 servitutem
1883 3167 2038 3208 suam

474 3239 814 3309 rcdigentes,
879 3239 1138 3296 Christus
1200 3239 1467 3297 Dominus
1543 3241 1884 3314 proﬂigans,
1938 3243 2042 3298 sub

467 3332 661 3401 jugum
695 3348 790 3387 eos
822 3332 1061 3401 subjecit
1093 3342 1412 3387 sanctorum
1460 3349 1746 3390 servorum
1784 3351 2037 3393 suorum.

482 3423 643 3488 Quod
666 3421 963 3478 dilucidius
993 3438 1087 3494 per
1117 3422 1360 3478 divinum
1392 3427 1591 3495 Isaiam
1621 3426 1896 3496 exposuit,
1923 3426 2038 3480 cla-

474 3532 631 3572 mans
664 3536 679 3570 :
718 3535 736 3568 ι
777 3515 928 3583 Quos
954 3510 1241 3582 timuistis,
1274 3518 1547 3575 timebunt
1583 3535 1613 3573 a
1645 3521 1798 3576 vobis
1833 3538 1847 3574 :
1882 3520 2043 3590 legati
2122 3574 2125 3575 ν

473 3609 763 3664 mittentur
796 3608 863 3664 ad
890 3624 1079 3680 pacem
1116 3607 1404 3680 petendam
1435 3612 1632 3667 acerbe
1666 3611 1889 3675 ﬂentes;
1918 3626 2042 3666 nam

473 3700 888 3769 dissipabuntur
940 3701 1136 3756 horum
1169 3702 1270 3756 via:
1298 3710 1348 3754 γ.
1391 3719 1410 3754 ›
1456 3699 1549 3755 Sic
1593 3700 1870 3756 daemones
1899 3702 2047 3756 voci-

473 3790 1017 3856 ferabanturuSine,
1038 3791 1169 3862 quid
1204 3791 1365 3847 nobis
1393 3800 1448 3846 ct
1477 3792 1597 3856 tibi,
1628 3789 1757 3846 Jcsu
1783 3789 1884 3844 Fili
1914 3790 2048 3846 Dei?

474 3879 670 3932 venisti
719 3888 849 3933 ante
898 3889 1112 3950 tempus
1167 3891 1424 3952 torquere
1473 3897 1577 3936 nos
1607 3891 1654 3934 ι.
1690 3899 1709 3933 ι
1745 3880 1989 3951 Itemque
2027 3898 2042 3935 :

477 3988 498 4020 ι
546 3969 767 4037 Adiuro.
798 3979 870 4035 te,
906 3984 976 4023 nc
1012 3984 1099 4023 me
1151 3979 1413 4039 torqueas
1438 3983 1487 4022 ι.
1538 3989 1557 4022 ι
1601 3969 1693 4025 Sic
1736 3971 1916 4039 puella
1950 3986 2045 4040 py-

474 4060 696 4114 thonem
776 4059 1033 4128 spiritum
1096 4061 1304 4115 habens
1369 4059 1640 4131 Philippis
1702 4060 1978 4116 clamabat
2029 4080 2043 4115 :

482 4170 500 4202 ι
546 4149 640 4205 Isti
699 4151 945 4207 homines
999 4152 1143 4207 servi
1186 4150 1277 4206 Dei
1331 4151 1531 4206 excelsi
1596 4161 1750 4216 sunt,
1792 4152 1882 4221 qui
1949 4167 2047 4206 an-

476 4244 734 4298 nuntiant
787 4243 943 4298 vobis
990 4243 1132 4296 viam
1185 4242 1382 4299 salutis
1423 4242 1474 4297 b.
1533 4262 1552 4294 ι
1591 4241 1682 4296 Sic
1716 4243 1880 4296 etiam
1922 4257 2048 4297 ante

476 4337 712 4391 victores
744 4347 1015 4405 martyres
1043 4343 1095 4388 et
1129 4334 1197 4389 ad
1222 4334 1366 4388 hunc
1395 4348 1572 4402 usque
1603 4334 1744 4388 diem
1779 4334 2046 4396 clamant,

479 4426 749 4496 invitique
809 4418 1027 4480 illorum
1091 4424 1373 4478 victoriam
1427 4424 1746 4493 praedicant,
1784 4439 2038 4493 suamque

2153 4407 2286 4461 Θεοῦ
2312 4406 2404 4459 τοῦ
2428 4403 2651 4474 ὑψίστου
2687 4401 2845 4464 εἰσὶν,
2877 4400 3070 4461 οἵτινες

480 4518 851 4571 inﬁrmitatem
903 4515 1204 4570 declarant.
1258 4513 1368 4569 I'Ios
1416 4515 1601 4585 igitur,
1638 4515 1733 4586 qui
1775 4531 1873 4568 nos
1913 4514 2044 4567 olim

480 4608 704 4679 pranﬂII
762 4618 913 4669 sunt,
971 4615 1229 4674 tanquam
1287 4607 1459 4678 spolia
1512 4608 1759 4677 quaedam
1799 4604 2047 4678 spoliatis

480 4702 630 4755 dedit
665 4700 755 4754 ille
784 4698 874 4769 qui
904 4706 1028 4768 post
1059 4697 1292 4766 gloriam
1328 4699 1534 4753 missus
1571 4706 1678 4760 est,
1712 4707 1771 4751 ut
1809 4704 2043 4751 veterem

480 4792 731 4860 gloriam,
765 4804 928 4859 quam
972 4789 1239 4859 deceptus
1299 4789 1535 4858 perdidit
1591 4789 1806 4858 generis
1857 4795 2050 4840 auctor

480 4881 673 4942 Adam,
711 4881 851 4933 hanc
896 4887 1089 4933 natura
1139 4888 1326 4934 nostra
1362 4886 1733 4949 recuperaret,
1766 4886 1818 4930 et
1848 4889 2049 4945 cogno-

481 4983 701 5024 scamus
732 4972 748 4990 ‘
798 4968 1226 5035 benefactorem,
1250 4978 1304 5023 et
1345 4967 1684 5023 Salvatorem
1735 4968 2043 5025 animarum

482 5069 817 5124 nostrarum,
842 5071 896 5113 et
929 5059 1143 5115 Patrem
1179 5060 1269 5130 qui
1295 5075 1418 5114 eum
1449 5075 1551 5128 pro
1580 5059 1911 5129 benignitate
1949 5071 2046 5109 sua

481 5150 651 5206 misit.
677 5149 881 5205 Missus
907 5158 991 5206 est
1021 5160 1202 5206 autem
1236 5167 1343 5205 non
1371 5159 1430 5205 ut
1464 5150 1628 5217 Deus,
1654 5149 1748 5204 scd
1772 5158 1829 5202 ut
1861 5149 2043 5201 homo.

2132 538 2346 608 ἔχοντες
2389 541 2487 604 τὰς
2533 542 2897 608 ἐπαγγελίας,
2958 543 3032 613 μὴ
3097 544 3257 614 μόνον
3305 546 3469 615 ὑμεῖς
3510 547 3560 598 οἱ
3606 546 3700 615 ήδη

2132 631 2517 697 ἐπανελθόντες
2563 634 2814 705 θαρρεῖτε
2841 673 2857 698 ,
2905 634 3043 689 ἀλλὰ
3072 636 3168 689 καὶ
3208 637 3256 688 οἱ
3301 636 3381 689 ἔτι
3411 637 3513 707 τὴν
3545 637 3706 689 Βαϐυο

2132 722 2275 776 λῶνα
2327 724 2467 777 κατὰ
2513 726 2738 795 γνώμην
2784 725 3062 790 οἰκοῦντες
3121 727 3563 797 (ἐπιτραπέντες
3603 727 3705 797 γὰρ

2133 814 2467 879 ἐπανελθεῖν,
2496 815 2862 886 ἀνεϐάλεσθε)
2886 833 2901 847 ·
2953 819 3037 880 είς
3076 817 3176 888 τὴν
3228 819 3508 888 ὑμετέραν
3536 817 3704 870 ἐλθεῖν

2133 904 2420 972 ἐπείγεσθε
2441 906 2483 936 ³⁸
2516 906 2780 976 πατρίδα,
2821 907 2889 978 ήν
2924 908 3007 971 είς
3041 909 3143 979 τήν
3188 908 3467 979 προτέραν
3500 909 3703 980 εὐπρα-

2137 992 2256 1060 ξίαν
2276 996 2379 1061 οὑκ
2401 997 2484 1060 είς
2518 997 2736 1069 μακρὰν
2767 998 3043 1067 ἐπανάξω.

2205 1094 2276 1158 η’,
2310 1087 2375 1142 θ’.
2422 1107 2441 1139 ι
2488 1090 2635 1143 Διότι
2674 1090 2800 1145 τάδε
2840 1090 2989 1159 λέγει
3025 1090 3230 1164 Κύριος
3273 1092 3703 1163 παντοκράτωρ·

2137 1177 2346 1232 Ὀπίσω
2368 1178 2527 1248 δόξης
2553 1180 2863 1234 άπέσταλκέ
2898 1198 2965 1251 με
2995 1182 3091 1235 επὶ
3113 1182 3185 1235 τὰ
3211 1182 3344 1252 ἔθνη
3368 1182 3443 1234 τὰ
3482 1182 3697 1235 exoleti.

2137 1285 2309 1324 σαντα
2339 1270 2482 1341 ὑμᾶς
2512 1288 2526 1302 ·
2565 1271 2699 1325 διότι
2733 1274 2762 1326 6
2789 1273 3095 1342 ἁπτόμενος
3136 1273 3294 1344 ὑμῶν
3319 1313 3335 1337 ,
3374 1275 3457 1336 ὡς
3486 1275 3518 1326 ό
3547 1272 3706 1325 ἀπτό-

2137 1379 2296 1431 μενος
2328 1365 2426 1434 τῆς
2473 1364 2644 1435 κόρης
2709 1364 2798 1418 τοῦ
2837 1365 3120 1437 ὀφθαλμοῦ
3167 1367 3355 1421 αὑτοῦ.
3404 1367 3554 1419 Διότι
3600 1366 3704 1418 ἰδοῦ

2135 1453 2246 1523 ἐγὼ
2275 1456 2524 1527 έπιφέρω
2544 1457 2644 1527 τὴν
2668 1459 2826 1528 χεῖρά
2859 1475 2963 1526 μου
2993 1458 3082 1511 ἐπ’
3112 1460 3334 1522 αὐτοὺς,
3368 1459 3467 1512 καὶ
3494 1458 3705 1510 ἔσονται

2136 1546 2308 1600 σκῦλα
2333 1549 2445 1611 τοῖς
2468 1547 2811 1602 δουλεύουσιν
2827 1550 2873 1582 ³³
2901 1551 3085 1612 αὑτοῖς
3108 1590 3123 1613 ,
3174 1549 3270 1603 καὶ
3317 1529 3599 1617 γῦὼσεσθε
3628 1550 3703 1601 ὅτι

2135 1639 2342 1710 Κύριος
2394 1643 2789 1714 παντοκράτωρ
2844 1642 3158 1696 ἁπέσταλκέ
3209 1658 3298 1711 με.
3355 1658 3375 1692 ι
3428 1639 3704 1709 Τοσαύτης

2136 1733 2244 1805 γὰρ
2275 1730 2619 1786 ἀπολαύσετε
2657 1733 2806 1805 παρὰ
2844 1734 2939 1787 τοῦ
2968 1733 3105 1787 Θεοῦ
3135 1733 3246 1787 τῶν
3286 1732 3429 1787 ὅλων
3472 1732 3701 1803 κηδεμοο

2136 1825 2285 1889 νίας,
2328 1825 2411 1878 δτι
2458 1825 2636 1881 πάντα
2682 1826 2774 1879 τὸν
2817 1828 2950 1896 ἡμῖν
2982 1827 3074 1878 ἐπὶ
3117 1824 3198 1894 τῷ
3241 1825 3491 1895 λυπῆσαι
3545 1824 3702 1877 πελά-

2136 1916 2316 1982 ζοντα,
2332 1919 2397 1988 τῇ
2420 1915 2513 1970 τοῦ
2540 1916 2820 1987 ὀφθαλμοῦ
2850 1917 2990 1990 κόρῃ
3018 1916 3275 1980 πελάζειν
3305 1915 3698 1986 ὑπολαμϐάνει·

2135 2010 2236 2063 οὐκ
2267 2010 2454 2081 ἐπειδὴ
2489 2010 2648 2081 σῶμα
2697 2010 3036 2080 περίκειται,
3080 2010 3175 2062 καὶ
3225 2011 3306 2071 εἰς
3356 2008 3501 2077 μέλη
3530 2006 3705 2078 διῄρη-

2137 2120 2226 2156 ται
2254 2120 2267 2134 ·
2310 2102 2599 2173 ἀσώματος
2640 2103 2749 2172 γὰρ
2791 2101 2887 2154 καὶ
2927 2102 3307 2172 ἀπερίγραφος
3354 2100 3411 2152 6'
3435 2099 3548 2152 τῶν
3574 2101 3701 2152 ὅλων

2135 2196 2267 2259 Θεός
2294 2212 2308 2227 ’
2360 2195 2475 2249 ἀλλ’
2508 2195 2574 2265 ἢν
2621 2193 2733 2264 ἔχει
2777 2193 3019 2248 διάθεσιν
3060 2192 3422 2263 ἀνθρωπίνως
3470 2191 3701 2260 παρεδὴ-

2137 2289 2298 2342 λωσε.
2340 2287 2560 2357 Ταύτην
2606 2288 2702 2341 καὶ
2747 2286 2775 2339 6
2816 2285 3084 2358 μακάριος
3133 2283 3300 2339 Δαόὶδ
3353 2284 3490 2354 παρ’
3546 2281 3701 2336 αὑτοῦ

2137 2381 2233 2452 τὴν
2280 2380 2610 2452 κηδεμονίαν
2652 2381 2794 2434 αίτεῖ
2820 2399 2831 2413 ο
2876 2399 2895 2432 ι
2947 2378 3184 2445 Φύλαξόν
3234 2396 3339 2449 με,
3382 2376 3560 2448 Κύριε
3586 2420 3599 2435 .
3635 2376 3703 2437 ὡς

2138 2473 2307 2544 κόρην
2328 2472 2631 2542 ὀφθαλμοῦ.
2665 2472 2887 2537 Τούτου,
2920 2474 3074 2543 φησὶ,
3102 2475 3263 2543 χάριν
3290 2472 3543 2533 ἅπαντας
3574 2467 3703 2520 ὲκεί-

2138 2582 2262 2628 νους
2293 2565 2417 2628 τοὺς
2451 2565 2813 2636 ληῖσαμένους
2843 2564 2988 2633 ὑμᾶς
3025 2563 3118 2617 καλ⁵
3151 2562 3561 2623 σκυλεύσαντας
3602 2561 3702 2621 τοῖς

2140 2656 2401 2726 ὑπηκόοις
2453 2655 2631 2709 αὑτῶν
2674 2653 3029 2725 ,ὑποχειρίους
3098 2654 3338 2723 ποιήσω’
3392 2652 3492 2704 καὶ
3539 2650 3701 2703 ταῦτα

2141 2750 2419 2803 πείσονται
2456 2749 2582 2820 παρ’
2623 2749 2884 2811 ἐκείνων,
2933 2742 3023 2801 οἷα
3054 2747 3182 2816 περῖ¹
3228 2746 3369 2815 ὑμᾶς
3413 2742 3699 2810 διέθηκαν·

2140 2842 2230 2897 καὶ
2265 2843 2333 2896 δι’
2372 2840 2553 2896 αὐτῶν
2587 2840 2898 2911 μαθήσεσθε
2931 2838 3037 2893 τῶν
3081 2836 3424 2908 πραγμάτων
3461 2833 3565 2904 τὴν
3600 2832 3703 2885 τῶν

2141 2934 2299 2987 θείων
2332 2932 2528 3002 λογίων
2559 2931 2834 3001 ἀλήθειαν.
2881 2929 3066 2983 Ταῦτα
3115 2928 3170 2981 δὲ
3203 2924 3454 2987 τυπικῶς
3487 2924 3705 2983 ἐκείνοις

2146 3024 2379 3094 συνέϐη·
2428 3023 2460 3093 ή
2506 3023 2561 3076 δὲ
2615 3022 2715 3092 τῆς
2764 3019 3100 3092 προφητείας
3147 3016 3375 3087 ἀλήθεια
3425 3016 3513 3084 ἐφ’
3557 3012 3707 3084 ήμῶν

2066 3101 2112 3160 C
2143 3117 2538 3189 ἀκριϐεστέραν
2588 3114 2711 3185 ἔσχε
2750 3115 2848 3184 τὴν
2890 3112 3133 3167 ἑκϐασιν.
3165 3110 3306 3172 Τοὺς
3347 3107 3462 3178 γὰρ
3491 3103 3705 3159 σκυλεύ-

2141 3226 2338 3271 σαντας
2384 3209 2532 3280 ἡμᾶς
2573 3207 2869 3277 δαίμονας,
2909 3204 3006 3258 καὶ
3039 3201 3138 3275 τὴν
3187 3200 3470 3272 ἡμετέραν
3522 3213 3705 3268 σφετε-

2145 3304 2466 3375 ρισαμένους
2496 3303 2755 3366 διάνοιαν,
2798 3301 2893 3355 καὶ
2921 3300 3135 3353 ἅπαντα
3176 3296 3334 3370 ήμῶν
3379 3295 3705 3367 ἐξανδραπο-

2140 3396 2391 3457 δίσαντας
2407 3393 2475 3447 τά
2493 3393 2628 3464 μέλη
2648 3391 2742 3445 τοῦ
2768 3392 3040 3462 σώματος,
3064 3388 3374 3450 καταλύσας
3387 3387 3420 3439 6
3439 3384 3706 3453 Δεσπότης

2143 3487 2377 3557 Χριστὸς
2435 3476 2781 3555 ὑποχειρίους
2828 3484 2937 3546 τοῖς
2988 3483 3163 3549 ἁγίοις
3219 3478 3383 3534 αὑτοῦ
3447 3477 3706 3544 πεποίηκε

2141 3550 2366 3643 δούλοις.
2416 3578 2527 3630 Καὶ
2560 3576 2718 3630 τοῦτο
2772 3575 3103 3644 σαφέστερον
3153 3571 3242 3624 διὰ
3288 3568 3384 3623 τοῦ
3424 3563 3707 3622 θεσπεσίου

2142 3671 2444 3741 δεδήλωκεν
2483 3668 2708 3722 Ἡσαΐου
2759 3667 2931 3738 βοῶν·
2987 3686 3005 3717 ι
3052 3665 3159 3727 Οὒς
3211 3662 3502 3730 ἐφοϐεῖσθε
3552 3659 3708 3727 φοϐη-

2145 3764 2399 3834 θήσονται
2426 3762 2517 3830 ἁφ’
2545 3759 2700 3829 ὑμῶν
2720 3776 2733 3789 ·
2760 3756 2982 3827 ἄγγελοι
3009 3754 3482 3825 ἀποσταλήσονται
3508 3747 3710 3814 ἀξιοῦν·

2143 3852 2233 3915 τες
2281 3852 2503 3923 εἰρήνην
2537 3848 2748 3919 πικρῶς
2778 3847 3055 3909 κλαίοντες
3081 3861 3095 3876 ·
3129 3842 3582 3914 ὲρημωθήσονται
3612 3840 3709 3906 γὰρ

2144 3948 2201 3999 αἱ
2225 3943 2430 3997 τούτων
2449 3942 2577 3996 ὁδοί.
2607 3960 2626 3993 ι
2653 3939 2839 4002 Οὕτως
2867 3937 3036 3991 ἐϐόων
3067 3937 3116 3990 οἱ
3143 3935 3400 4004 δαίμονες
3424 3951 3437 3963 ·
3472 3952 3492 3981 ι
3530 3932 3633 3983 Ἔα
3648 3929 3707 3990 ³³,

2144 4038 2197 4090 τί
2227 4039 2357 4107 ἡμῖν
2392 4037 2485 4089 καὶ
2513 4035 2628 4096 σοι.
2685 4031 2885 4103 Ἰησοῦ,
2937 4030 3021 4083 uti;
3062 4028 3157 4081 τοῦ
3208 4027 3386 4090 Θεοῦ;
3432 4020 3710 4085 Ἷιλθες³⁸,

2148 4130 2255 4202 πρὸ
2307 4126 2500 4199 καιροῦ
2548 4124 2838 4196 βασανίσαι
2894 4123 3057 4193 ἡμᾶς.
3095 4139 3113 4171 ι
3151 4120 3257 4172 Καὶ
3295 4117 3461 4171 πάλιν
3486 4132 3501 4145 ·
3533 4135 3552 4167 ι
3601 4116 3711 4184 Ὁρο

2116 4220 2283 4288 ’κίζω
2317 4239 2376 4273 σε
2394 4221 2437 4252 ³⁵
2469 4220 2542 4289 μή
2576 4236 2641 4289 με
2672 4217 2987 4287 βασανίσῃς.
3027 4233 3045 4265 ›
3088 4213 3273 4275 Οῦτως
3309 4211 3344 4281 ή
3380 4207 3714 4277 πυθομάντις

2147 4315 2204 4366 ἐν
2238 4313 2523 4375 Φιλίπποις
2560 4311 2691 4364 ἐϐόα
2716 4326 2730 4339 ·
2768 4330 2787 4362 ι
2828 4301 2988 4362 Οὗτοι
3018 4307 3069 4359 oi
3096 4303 3376 4375 ἄνθρωποι
3418 4299 3600 4353 δοῦλοι
3627 4295 3715 4349 τοῦ

3102 4392 3568 4463 καταγγέλλουσιν
3597 4390 3721 4459 ὑμῖν

2153 4499 2271 4553 ὁδὸν
2326 4495 2621 4567 σωτηρίας.
2663 4514 2683 4547 ι
2722 4492 2879 4546 Οὖτω
2928 4491 3022 4544 καὶ
3069 4487 3175 4559 πρὸ
3235 4488 3346 4540 τῶν
3395 4482 3720 4536 καλλινίκων

2160 4585 2452 4656 μαρτύρων
2484 4585 2645 4655 μέχρι
2677 4580 2772 4634 καὶ
2814 4581 3057 4652 τήμερον
3101 4576 3289 4647 βοῶσι,
3322 4574 3419 4627 καὶ
3448 4574 3552 4643 τὴν
3581 4570 3717 4624 Exsi-

2156 4696 2260 4732 νων
2290 4678 2512 4740 ἄκοντες
2549 4672 2987 4746 ἀνακηρύττουσι
3024 4671 3215 4741 νίκην,
3251 4667 3349 4720 καὶ
3383 4667 3487 4735 τὴν
3521 4663 3719 4716 οἰκείαν

2155 4767 2440 4822 ἀσθένειαν
2484 4764 2839 4834 διελέγχουσι.
2878 4761 3115 4822 Τούτους
3160 4757 3340 4821 τοίνυν
3383 4756 3513 4818 τοὺς
3562 4753 3717 4807 πάλαι

2160 4859 2559 4919 σκυλεύσαντας
2602 4856 2748 4926 ἡμᾶς
2785 4848 2899 4906 οἷόν
2941 4870 3064 4906 τινα
3116 4848 3289 4902 σκῦλα
3336 4850 3451 4908 τοῖς
3502 4846 3716 4899 σκυλευο

2155 4953 2295 5005 θεῖοι
2330 4950 2644 5020 παρέδωκεν
2672 4950 2699 5001 ὁ
2725 4946 2899 4999 ὀπίσω
2939 4946 3097 5013 δόξης
3130 4940 3477 5004 ἀποσταλεὶς,
3518 4939 3604 4989 ἵνα
3633 4935 3717 5002 τήν

2155 5042 2388 5096 παλαιὰν
2412 5040 2591 5104 δόξαν,
2616 5039 2682 5109 ἣν
2707 5034 3068 5104 ἐξαπατηθεὶς
3094 5030 3375 5084 ἀπώλεσεν
3402 5030 3431 5079 ὁ
3456 5027 3715 5094 γενάρχης

2168 5137 2375 5207 ’Λδὰμ,
2426 5131 2697 5201 ταύτηνή
2742 5126 2900 5196 φύσις
2953 5123 3111 5194 ἡμῶν
3162 5122 3581 5190 ἀνακτήσηται,
3635 5112 3715 5166 καὶ

560 5335 583 5362 ι
622 5327 761 5384 I’saI.
799 5343 918 5394 ενι,
961 5328 1014 5382 8.
1093 5335 1122 5375 ἲ
1164 5326 1269 5381 Isa.
1306 5343 1509 5391 xxxm,
1546 5328 1597 5389 7,
1631 5326 1686 5379 8.
1762 5332 1784 5360 ι
1824 5321 2014 5376 Matth.

2159 5359 2175 5386 ,
2207 5318 2297 5372 29.
2374 5327 2398 5355 α
2420 5312 2600 5366 Marc.
2636 5326 2691 5377 v,
2720 5308 2773 5360 7.
2852 5306 2878 5345 ι’
2915 5307 3031 5358 Act.
3065 5318 3192 5364 va,
3223 5302 3304 5355 Π.

1768 5479 1995 5533 VARle
2034 5479 2074 5532 L
2088 5472 2440 5532 ECTIONES.

562 5652 599 5680 "
640 5654 727 5703 ἐπ.
764 5648 860 5701 Ed.
896 5645 1058 5698 Sirm.
1100 5642 1333 5697 habebat
1368 5637 1655 5706 ἐπήχθητε.

495 5719 649 5772 Deest
681 5722 733 5772 lt.
771 5719 804 5768 I.
841 5719 1056 5784 signum
1096 5717 1355 5778 interrog.
1395 5716 1515 5776 ιιυδι
1545 5710 1709 5774 ἡμᾶς.

1738 5637 1778 5666 ⁵²
1810 5638 1849 5688 Λ
1890 5636 2038 5687 δοῦλε

2141 5651 2223 5685 σι.
2301 5633 2343 5663 ³³
2375 5632 2457 5684 ἔα.
2498 5630 2615 5682 Des.
2650 5630 2687 5681 l.
2724 5644 2771 5680 c.
2853 5622 3067 5695 “ﬁliis.
3102 5622 3250 5678 Loco
3279 5621 3373 5674 cit.
3414 5633 3567 5687 sequ.
3598 5607 3709 5667 ὦδε.

1804 5708 1846 5735 ³⁵
1891 5706 2039 5774 Ὀρκ.
2086 5722 2163 5758 σε.
2193 5702 2336 5757 Loco
2367 5703 2461 5755 cit.
2490 5716 2643 5768 sequ.
2679 5699 2769 5751 τὸν
2804 5697 2954 5750 θεόν·
