3956 6202
264 366 397 429 1839

1450 374 1531 435 IN
1559 375 1956 436 ΖΑΟΗΛΗΙΈ
1994 374 2149 433 CAP.
2182 375 2236 459 ll

3365 378 3502 446 1890

263 480 476 549 γνῶμεν
508 479 596 533 τὸν
639 479 970 550 εὐεργέτην,
1007 481 1101 533 καὶ
1130 481 1358 552 Σωτῆρα
1401 484 1510 538 τῶν
1546 487 1828 555 ἡμετέρων

1940 490 1991 541 In
2032 498 2297 555 quantum
2356 491 2503 544 enim
2559 490 2702 547 Deus
2752 503 2858 558 est,
2900 495 3128 564 aqualis
3182 506 3268 552 est
3326 497 3498 552 Patri.

259 569 469 638 ψυχῶν,
519 571 613 622 καὶ
649 570 738 622 τὸν
768 570 1169 624 ἀποστείλαντα
1210 572 1375 626 αὑτὸν
1404 572 1493 626 διὰ
1528 575 1833 643 φιλανθρω-

264 664 392 714 πίαν
437 662 675 732 Πατέρα.
718 663 1023 734 Ἀπεστάλη
1068 663 1144 727 δὲ,
1176 664 1274 734 οὐχ
1302 664 1377 728 ὡς
1403 663 1569 729 Θεὸς,
1603 665 1717 719 ἀλλ’
1755 666 1832 729 ὡς

259 750 547 818 ἅνθρωπος
569 768 580 780 ·
610 751 685 814 ώς
703 752 812 822 γὰρ
833 752 985 815 Θεὸς,
1008 752 1103 806 τοῦ
1134 755 1525 823 γεγεννηκότος
1544 755 1827 825 ὁμότιμος.

265 859 285 892 ι
332 840 474 908 Ἐγὼ
506 842 615 911 γὰρ
637 881 653 906 ,
698 844 894 911 φησὶν,
926 845 984 895 ἐν
1011 842 1090 913 τῷ
1139 844 1347 914 Πατρὶ,
1380 844 1475 897 καὶ
1503 846 1532 896 6
1560 845 1747 916 Πατὴρ
1774 847 1832 899 ὲν

260 932 402 1001 ἐμοί.
444 948 463 982 ι
499 933 606 985 Καί
635 949 649 963 ·
696 951 714 982 ι
770 933 829 984 '0
865 932 1050 1003 Πατὴρ
1075 936 1102 986 6
1126 935 1170 965 ³⁸
1200 935 1257 987 ὲν
1293 936 1418 1005 ἐμοὶ
1461 936 1638 1005 μένων
1669 936 1832 999 αὐτὸς

262 1026 408 1076 ποιεῖ
436 1024 506 1076 τὰ
549 1022 707 1092 ἔργα.
764 1042 783 1074 ι
834 1025 939 1077 Καί
973 1041 986 1055 ε
1035 1045 1052 1075 ι
1113 1024 1258 1095 Ἐγὼ
1307 1028 1404 1080 καὶ
1444 1030 1472 1081 ὁ
1527 1029 1717 1099 Πατὴρ
1770 1029 1830 1082 ἓν

261 1116 448 1183 ἔσμεν.
485 1132 503 1163 ι
537 1113 675 1166 Καί·
712 1131 729 1163 ι
789 1114 846 1167 ’0
891 1116 1147 1185 ἑωρακὼς
1195 1116 1293 1186 ἐμὲ
1338 1116 1549 1187 ἑώρακε
1585 1118 1676 1171 τὸν
1714 1120 1829 1172 Πα-

258 1206 412 1273 τέρα.
457 1223 476 1254 ι
510 1205 797 1274 Πέμπεται
830 1205 887 1257 δὲ
926 1206 1000 1267 ὡς
1030 1206 1336 1275 ἄνθρωπος,
1369 1208 1467 1278 τὴν
1500 1208 1641 1280 ὑπὲρ
1671 1209 1829 1280 ἡμῶν

258 1297 571 1366 οἰκονομίαν
621 1295 877 1367 πληρῶν,
927 1298 989 1350 οὐ
1038 1299 1138 1368 τὴν
1172 1298 1323 1353 θείαν
1357 1301 1522 1368 φύσιν
1556 1317 1831 1370 κατασμι-

257 1389 493 1459 κρύνων.
531 1408 551 1440 ι
607 1390 693 1441 Ἐν
727 1392 907 1462 μορφῇ
954 1391 1060 1460 γάρ
1088 1390 1223 1444 Θεοῦ
1270 1392 1531 1463 ὑπάρχων
1554 1434 1568 1455 ,
1598 1394 1696 1463 οὐχ
1726 1395 1828 1464 ἀρ-

258 1480 479 1549 παγμὸν
529 1480 774 1551 ἡγήσατο
822 1479 881 1533 τὸ
936 1465 1075 1534 εἶναι
1119 1480 1210 1535 ίσα
1259 1482 1379 1553 Θεῷ
1406 1499 1420 1514 ·
1465 1484 1581 1537 ἀλλ’
1637 1484 1828 1562 ἑαυτὸν

259 1571 515 1634 ὲκένωσε,
549 1572 764 1643 μορφὴν
804 1571 993 1626 δούλου
1024 1573 1222 1628 λαϐών.
1272 1595 1292 1627 ι
1331 1576 1613 1644 Ύπέδειξε
1642 1578 1685 1609 ³⁷
1720 1578 1830 1631 τοί-

257 1677 354 1710 νυν
411 1662 544 1728 ἡμῖν
581 1661 610 1712 ό
642 1662 975 1732 Προφήτης,
1027 1664 1089 1716 ού
1146 1665 1308 1734 μόνον
1357 1668 1459 1738 τὴν
1501 1667 1668 1722 δυάδα
1722 1667 1829 1722 τῶν

259 1749 590 1822 προσώπων,
637 1752 774 1806 ἀλλὰ
806 1755 899 1807 καὶ
946 1756 1006 1809 τὸ
1042 1756 1304 1828 ὁμότιμον
1333 1759 1444 1812 τῶν
1490 1757 1824 1827 προσώπων.

1939 597 1958 630 ι
2007 579 2120 648 Ego
2145 582 2312 647 enim,
2347 582 2548 652 inquit,
2581 585 2634 638 in
2668 585 2854 653 Patre,
2887 598 2942 642 et
2977 588 3136 644 Pater
3164 591 3219 645 in
3251 607 3337 647 me
3366 603 3427 654 ος
3474 612 3492 643 ι

1928 677 1984 723 et
2025 688 2037 724 :
2074 690 2093 721 ι
2136 670 2296 725 Pater
2345 675 2398 727 in
2444 690 2530 730 me
2585 692 2813 733 manens
2859 679 2976 750 ipse
3015 680 3146 735 facit
3176 698 3339 752 opera
3365 684 3423 749 d;
3475 702 3493 733 ι
3574 728 3581 739 .

1932 770 1984 815 et
2018 778 2031 812 :
2069 780 2087 812 ι
2143 763 2254 832 Ego
2285 773 2339 819 et
2389 767 2554 821 Pater
2587 784 2754 823 unum
2793 784 2987 829 sumus
3019 785 3076 838 ος
3120 793 3140 826 ι
3186 781 3241 829 et
3276 795 3289 830 :
3337 793 3356 828 ι
3394 776 3496 840 Qui

1932 849 2067 902 vidit
2100 866 2205 912 me,
2241 852 2375 906 vidit
2406 870 2625 924 quoque
2654 854 2868 913 Patrem
2904 860 2948 926 τ.
2999 879 3018 912 ι
3058 861 3286 917 Mittitur
3315 872 3496 917 autem

1934 950 1991 995 ut
2025 942 2208 1005 homo,
2234 943 2705 1015 dispensationem
2739 964 2839 1020 pro
2874 952 3032 1007 nobis
3071 968 3356 1025 peragens,
3385 970 3497 1007 non

1931 1032 2173 1087 divinam
2214 1043 2465 1090 naturam
2497 1047 2821 1095 extenuans.
2848 1040 2982 1096 Nam
3023 1044 3269 1116 1303:
3295 1039 3414 1102 eum
3439 1047 3492 1099 in

1933 1121 2107 1176 forma
2157 1121 2249 1176 Dei
2302 1131 2467 1190 esset,
2505 1141 2615 1181 non
2659 1128 2906 1198 rapinam
2961 1132 3265 1187 arbitratus
3299 1141 3383 1186 est
3436 1122 3497 1187 se.

1930 1214 2190 1282 aequalem
2235 1229 2358 1271 esse
2407 1215 2515 1273 Deo
2569 1236 2583 1271 :
2636 1222 2731 1273 sed
2783 1223 3143 1292 semetipsum
3197 1225 3496 1279 exinanivit

1935 1301 2164 1357 formam
2211 1305 2357 1359 servi
2410 1307 2684 1376 accipiens
2726 1310 2774 1363 ⁸.
2819 1328 2836 1361 i
2882 1310 3283 1369 Demonstravit
3334 1315 3500 1384 igitur

1933 1395 2090 1449 nobis
2147 1397 2453 1465 propheta,-
2490 1414 2598 1452 non
2658 1400 2836 1454 solum
2870 1401 3026 1456 binas
3082 1412 3366 1471 personas,
3402 1407 3497 1460 sed

1931 1484 2095 1538 etiam
2142 1484 2506 1553 aequalitatem
2545 1501 2927 1552 personarum.
2969 1509 2987 1542 ι
3031 1490 3156 1546 "me
3187 1493 3330 1546 enim
3364 1493 3496 1547 dicit

1934 1570 2198 1628 Dominus
2217 1573 2592 1643 omnipotens:
2611 1574 2986 1649 Postgloriain
3012 1581 3160 1636 misit
3183 1598 3287 1637 me.
3317 1602 3333 1633 ι
3358 1582 3421 1636 Ει
3442 1594 3497 1636 ιιι

1930 1661 2269 1718 demonstret
2288 1666 2414 1734 quis
2442 1665 2679 1733 miserit,
2724 1669 2889 1724 infert
2930 1689 2942 1725 :
2990 1690 3008 1723 ι
3058 1670 3124 1725 Ει
3158 1677 3498 1744 cognoscetis

1935 1753 2220 1809 Dominum
2283 1756 2716 1827 omnipotentem
2775 1763 2995 1817 misisse
3041 1779 3148 1817 me.
3198 1783 3216 1816 ι
3269 1763 3410 1834 Ergo
3444 1776 3497 1818 ct

262 1863 283 1893 ι
321 1843 458 1898 Τάδε
502 1843 676 1916 γὰρ³⁸
725 1845 874 1914 λέγει
906 1847 1111 1917 Κύριος
1145 1851 1563 1922 παντοκράτωρ
1621 1852 1827 1905 Ὀπίσω

1940 1844 2023 1914 qui
2055 1845 2226 1910 misit,
2249 1845 2514 1911 Dominus
2548 1850 2897 1920 omnipotens
2926 1862 3031 1917 est,
3059 1865 3112 1908 et
3144 1854 3237 1925 qui
3272 1856 3493 1921 missus,

254 1937 415 2009 δόξης
441 1938 750 1993 ἀπέσταλκέ
784 1959 874 2010 με.
922 1962 940 1993 ι
974 1942 1085 1996 Kal
1113 1942 1326 2007 δεικνὺς
1364 1944 1449 2009 τίς
1496 1948 1524 1999 6
1566 1945 1824 1999 ἀποστεί-

254 2029 377 2097 λας,
408 2031 633 2099 ἐπάγει·
675 2051 693 2083 ι
724 2033 835 2086 Kal
867 2033 1140 2102 γνώσεσθε
1170 2037 1250 2088 ὅτι
1279 2035 1481 2105 Κύριος
1518 2037 1827 2106 παντοκρά-

251 2138 373 2192 τωρ
426 2122 738 2176 ἀπέσταλκέ
782 2142 869 2194 με.
932 2144 950 2177 ι
992 2126 1295 2198 Τοιγαροῦν
1327 2127 1421 2181 καὶ
1450 2126 1829 2188 όάποστείλας

254 2213 462 2283 Κύριος
489 2216 905 2287 παντοκράτωρ,
934 2218 1029 2271 καὶ
1054 2220 1083 2271 6
1103 2217 1431 2281 ἀποσταλεὶς
1456 2218 1660 2288 Κύριος
1687 2235 1826 2271 παν-

253 2305 566 2376 τοκράτωρ,
611 2308 704 2362 καὶ
742 2307 969 2379 οὐδεμία
1010 2310 1340 2380 ἀξιωμάτων
1385 2310 1640 2380 διαφορά.
1695 2309 1829 2361 Ἀπ-

254 2395 459 2461 εστάλη
484 2396 541 2450 δὲ
562 2437 577 2461 ,
609 2396 686 2461 ὡς
717 2397 854 2467 ἔφην
874 2439 890 2464 ,
923 2398 1282 2471 ἀνθρωπίνως
1307 2440 1323 2465 ,
1357 2400 1419 2454 ού
1466 2399 1666 2464 θεῖκῶς
1685 2441 1701 2465 ,
1728 2400 1827 2470 τὴν

1930 1946 2014 1991 est
2068 1935 2333 1993 Dominus
2377 1943 2750 2010 omnipotens,
2783 1951 2838 1998 et
2868 1945 3077 2000 nullum
3126 1957 3208 2000 est
3259 1948 3497 2018 dignita-

1934 2037 2049 2082 tum
2092 2029 2409 2085 discrimen.
2462 2031 2663 2089 Missus
2724 2044 2810 2090 est
2867 2049 3072 2101 autem,
3109 2046 3173 2092 ut
3217 2040 3353 2103 dixi,
3392 2055 3499 2106 qua

1934 2119 2097 2173 homo
2118 2127 2225 2182 est,
2261 2136 2369 2175 non
2398 2137 2505 2191 qua
2538 2120 3181 2192 Deus,dispensationem
3217 2142 3316 2196 pro
3343 2130 3501 2181 nobis

1936 2226 2200 2280 peragens
2232 2229 2244 2265 :
2276 2222 2330 2265 et
2382 2214 2587 2267 missus
2633 2229 2820 2269 secum
2871 2215 3079 2280 habuit,
3111 2219 3206 2287 qui
3256 2220 3500 2281 miserat,

1936 2302 2170 2357 Patrem.
2206 2321 2224 2353 ι
2255 2301 2420 2357 Pater
2444 2305 2589 2358 enim
2625 2320 2801 2367 n'cus,
2831 2306 3027 2377 inquit,
3061 2307 3226 2362 inme
3249 2323 3503 2371 manens,

1936 2397 2054 2465 ipse
2093 2394 2226 2448 facit
2249 2409 2417 2464 opera
2437 2395 2489 2448 ιι.
2532 2415 2551 2448 ι
2587 2395 2857 2466 Deinceps
2891 2399 3154 2468 propheta
3192 2399 3395 2453 infert:

256 2489 399 2559 ὑπὲρ
421 2490 579 2561 ἡμῶν
608 2485 929 2556 οἰκονομίαν
976 2494 1198 2566 πληρῶν
1220 2510 1236 2529 ο
1285 2496 1382 2549 καὶ
1427 2495 1752 2559 ἀποσταλεὶς
1801 2494 1859 2546 δὲ
1911 2488 2058 2562 εἶχεν
2091 2493 2148 2545 ἐν
2175 2489 2354 2559 ἑαυτῷ
2381 2490 2472 2543 τὸν
2512 2493 2837 2562 πεπομφότα
2876 2493 3088 2563 πατέρα
3111 2509 3125 2522 ’
3162 2512 3181 2545 ι
3222 2494 3280 2548 '0
3318 2494 3507 2564 Πατὴρ

255 2581 369 2653 γάρ
398 2599 519 2652 μου,
554 2584 584 2636 6
623 2583 684 2636 ὲν
708 2585 835 2655 ἐμοὶ
869 2586 1069 2654 μένων,
1112 2586 1278 2649 αὐτὸς
1318 2589 1465 2639 ποιεῖ
1494 2587 1562 2640 τὰ
1603 2586 1760 2657 ἔργα.
1794 2602 1813 2633 υ
1850 2580 2075 2645 Τούτοις
2107 2582 2136 2633 δ
2184 2582 2472 2649 προφήτης
2499 2579 2807 2645 ἀκολούθως
2835 2581 3027 2648 ἐπάγει
3058 2597 3074 2614 ⁸

328 2680 381 2740 ι’,
417 2680 508 2729 ια’.
545 2693 564 2727 ι
602 2675 818 2746 Τέρπου
854 2678 949 2732 xal
999 2678 1295 2749 εὐφραίνου
1323 2720 1338 2745 ,
1391 2678 1632 2751 θύγατερ
1667 2677 1826 2741 Σιὼν,

2010 2672 2176 2727 Vens.
2198 2672 2389 2734 10,“.
2422 2691 2440 2721 ι
2469 2672 2673 2725 Laetare
2705 2680 2757 2726 et
2786 2672 2980 2741 gaude,
3013 2672 3119 2725 lilia
3152 2668 3503 2741 Sionis,quia

253 2764 393 2819 διότι
440 2766 547 2819 ἰδοὺ
566 2765 610 2797 ³⁹
659 2765 770 2835 ἐγὼ
816 2767 1048 2840 ἔρχομαι
1076 2811 1118 2838 ,ἢ
1146 2770 1243 2824 καὶ
1300 2771 1718 2843 κατασκηνώσω
1766 2772 1824 2823 ἐν

1940 2779 2061 2818 ecce
2110 2764 2292 2826 venio,
2329 2771 2386 2816 et
2425 2762 2688 2817 habitabo
2731 2763 2786 2816 in
2839 2761 3019 2817 medio
3078 2764 3176 2825 tui,
3221 2762 3357 2816 dicit
3396 2762 3504 2815 Do-

260 2856 412 2928 μέσῳ
457 2873 579 2920 σου,
624 2857 773 2927 λέγει
802 2860 1027 2934 Κύριος.
1074 2863 1188 2917 Kal
1231 2863 1662 2933 καταφεύξονται
1697 2863 1825 2933 ἔθνη

1940 2855 2138 2909 minus.
2172 2854 2240 2907 Et
2268 2852 2591 2923 confugient
2621 2861 2811 2924 gentes
2851 2855 3037 2907 multae
3089 2852 3156 2907 ad
3212 2851 3500 2908 Dominum

257 2943 429 2997 πολλά
471 2945 566 2997 ἐπὶ
596 2945 688 2999 τὸν
721 2948 927 3018 Κύριον
979 2951 1036 3003 ὲν
1093 2953 1160 3021 τῇ
1212 2952 1394 3022 ἡμέρᾳ.
1452 2953 1675 3025 ἐκείνῃ,
1733 2952 1828 3005 καὶ

1940 2946 2021 3000 Llie
2062 2946 2183 3009 illo,
2217 2955 2272 2999 ct
2299 2953 2464 2999 erunt
2501 2944 2553 2999 ei
2592 2945 2646 2998 in
2688 2944 2971 3014 populum,
2996 2953 3050 2999 et
3086 2943 3413 2999 habitabuut
3448 2945 3502 2998 in

256 3032 472 3085 ἔσονται
513 3033 663 3105 αὐτῷ
696 3036 777 3100 εἰς
806 3036 962 3103 λαὸν,
1010 3039 1107 3092 καὶ
1154 3041 1726 3112 κατασκηνώσουσιν⁴⁶
1768 3043 1826 3095 ὲν

1940 3036 2110 3093 medio
2157 3038 2258 3103 tui,
2293 3045 2348 3091 ct
2397 3036 2542 3091 scies
2594 3035 2882 3089 Dominum
2925 3035 3353 3104 omnipotentem
3402 3036 3503 3088 mi-

261 3123 414 3194 μέσῳ
458 3141 584 3188 σου,
633 3127 728 3181 xal
777 3127 960 3201 γνώσῃ
977 3128 1021 3162 δ’
1054 3131 1137 3184 ὃτι
1186 3130 1391 3203 Κύριος
1424 3134 1826 3205 παντοκράτωρ

1940 3130 2079 3187 sissc
2127 3145 2213 3185 me
2244 3128 2310 3183 ad
2356 3137 2430 3183 te.
2478 3146 2497 3178 ι
2535 3126 2660 3181 Hrcc
2690 3128 2856 3181 etiam
2894 3127 3185 3196 perspicue
3218 3126 3272 3180 in
3306 3141 3408 3180 nos
3436 3142 3503 3180 ex

258 3212 629 3277 ὲξαπέσταλκέ
653 3216 697 3249 δ’
734 3234 801 3287 με
846 3220 982 3288 πρὸς
1024 3219 1102 3273 σέ.
1146 3239 1165 3272 ι
1206 3221 1492 3296 Ἀντικρὺς
1533 3225 1828 3279 καὶταῦτα

1940 3221 2189 3293 gentibus
2233 3232 2459 3274 vocatos
2505 3226 2562 3273 et
2596 3218 2827 3273 salutem
2882 3217 3113 3286 adeptos
3146 3217 3503 3280 conveniunt,

258 3305 391 3373 ἡμῖν
435 3306 664 3378 ἁρμόζει
688 3311 802 3373 τοῖς
839 3307 899 3376 ἐξ
942 3311 1111 3365 ἐθνῶν
1143 3312 1539 3384 κεκλημένοις,
1584 3318 1679 3369 καὶ
1728 3317 1828 3386 τῆς

1940 3313 2030 3383 qui
2081 3311 2252 3366 laetari
2284 3319 2338 3366 et
2383 3310 2622 3381 gaudere
2668 3308 2951 3378 jubemur,
2982 3316 3038 3361 ut
3082 3308 3174 3377 qui
3217 3307 3501 3363 uobiscum

260 3397 535 3467 σωτηρίας
570 3402 962 3471 τετυχηκόσιν,
1027 3398 1108 3467 οἷς
1148 3406 1243 3458 καὶ
1278 3406 1339 3458 τὸ
1387 3407 1602 3477 χαίρειν
1643 3409 1738 3461 καὶ
1770 3409 1828 3461 τὸ

1940 3411 2249 3458 versantem
2300 3401 2655 3455 habuerimus
2689 3400 2931 3452 omnium
2968 3414 3148 3453 rerum
3191 3396 3501 3452 Dominum.

257 3486 648 3558 εὐφραίνεσθαι
693 3493 1162 3564 παρακελεύεται,
1214 3495 1290 3559 ὡς
1322 3495 1530 3550 ἔνοικον
1567 3499 1827 3569 ἐσχηκόσι

1940 3493 2133 3548 Videre
2163 3500 2347 3546 autem
2387 3492 2513 3545 licet
2545 3492 2718 3562 ipsam
2750 3489 2914 3544 etiam
2965 3489 3278 3543 sensibilcm
3310 3487 3500 3543 Hiero-

256 3576 350 3629 τὸν
378 3578 472 3631 τοῦ
505 3581 704 3645 παντὸς
756 3583 977 3655 Κύριον.
1035 3587 1191 3639 Ἐστι
1234 3588 1291 3640 δὲ
1341 3589 1470 3641 ίδεῖν
1522 3589 1617 3642 xal
1655 3591 1827 3661 αὐτὴν

1940 3585 2198 3655 solymam
2240 3583 2543 3636 habitatam
2602 3597 2630 3634 a
2669 3580 2931 3651 gentibus
2965 3580 3020 3634 in
3057 3578 3343 3635 Dominum
3380 3594 3500 3635 cre-

255 3668 358 3739 τὴν
389 3669 651 3744 αἰσθητὴν
696 3672 1048 3747 Ἰερουσαλὴμ
1094 3678 1197 3731 ὑπὸ
1239 3680 1347 3732 τῶν
1390 3682 1470 3742 εἰς
1499 3679 1591 3733 τὸν
1624 3680 1827 3751 Κύριον

1940 3675 2212 3730 dentibus.
2243 3674 2358 3728 lloc
2392 3681 2572 3727 autem
2606 3674 2729 3727 loco
2768 3673 2975 3742 pariter
3003 3671 3167 3728 etiam
3203 3673 3339 3728 duas
3379 3690 3503 3743 pcr-

258 3767 701 3817 πεπιστευκότων
765 3767 1094 3838 οἰκουμένην
1155 3768 1345 3823 ἐθνῶν.
1415 3769 1712 3823 Κάνταῦθα
1770 3769 1827 3824 δὲ

1940 3786 2099 3827 sonas
2129 3785 2427 3841 earumque
2460 3768 2829 3840 aequalitatem
2860 3769 3142 3824 docemur.

256 3853 481 3920 ὁμοίως,
516 3856 611 3909 καὶ
639 3856 736 3926 τὴν
762 3857 928 3911 δυάδα
967 3859 1076 3911 τῶν
1105 3859 1433 3931 προσώπων,
1464 3861 1559 3914 καὶ
1590 3860 1651 3911 τὸ
1682 3860 1818 3929 ὁμό-

254 3961 416 4012 τιμον
449 3945 806 4018 ἐδιδάχθημεν
850 3949 957 4003 τῶν
989 3950 1320 4021 προσώπων.

337 4056 355 4088 ι
394 4037 523 4091 Ἰδοὺ
561 4038 669 4108 γὰρ
723 4039 981 4111 ἔρχομαι,
1023 4045 1115 4095 καὶ
1143 4044 1554 4108 κατασκηνώσω
1581 4047 1640 4099 ὲν
1674 4046 1825 4116 μέσῳ

259 4147 390 4192 σου,
428 4128 574 4197 λέγει
617 4131 819 4201 Κύριος
845 4149 858 4162 ⁸
901 4135 991 4186 καὶ
1033 4135 1216 4204 γνώσῃ
1262 4137 1342 4189 ὅτι
1377 4138 1580 4207 Κύριος
1623 4151 1828 4191 παντο-ι

258 4221 481 4290 κράτωρ
514 4222 886 4287 ὲξαπέσταλκέ
937 4242 1003 4293 με
1048 4226 1184 4295 πρὸς
1217 4227 1295 4280 σε.
1331 4228 1465 4296 (ιβ’.)
1500 4229 1609 4281 Kal
1654 4245 1851 4281 κατα-η

256 4313 653 4385 κληρονομήσει
711 4316 908 4385 Κύριος
958 4316 1048 4368 τὸν
1101 4318 1343 4381 Ἰούδαν,
1416 4319 1513 4388 τὴν
1533 4320 1577 4351 ⁸³
1631 4322 1826 4390 μερίδα

1940 4323 1998 4376 Et
2051 4319 2353 4392 possidebit
2405 4319 2668 4372 Dominus
2719 4316 2917 4371 Judam
2975 4325 3183 4386 partem
3236 4332 3392 4370 suam
3441 4319 3497 4372 in

255 4405 422 4458 αὐτοῦ
470 4407 563 4458 ἐπὶ
605 4408 704 4477 τὴν
732 4408 894 4477 ἁγίαν
939 4408 1130 4476 γῆνδί,
1182 4410 1278 4463 καὶ
1318 4412 1550 4480 αἱρετιεῖ
1600 4412 1681 4465 ἔτι
1728 4412 1827 4482 τὴν

1940 4423 2078 4467 terra
2119 4420 2334 4471 sancta,
2360 4416 2415 4462 et
2463 4409 2626 4478 eliget
2655 4407 2835 4462 adhuc
2866 4406 3324 4477 Hierosolymam.
3366 4426 3385 4458 ι
3420 4409 3496 4464 Ex

267 4495 641 4568 Ἰερουσαλήμ.
673 4517 691 4548 ο
731 4499 829 4552 Ἐκ
879 4500 987 4570 γὰρ
1023 4499 1117 4552 τοῦ
1170 4500 1340 4553 Ἰούδα
1379 4500 1476 4572 τὴν
1505 4502 1601 4555 τοῦ
1635 4502 1824 4556 δούλου

1940 4502 2069 4557 luda
2131 4500 2277 4557 enim
2330 4499 2474 4555 servi
2541 4497 2770 4553 formam
2838 4498 3049 4568 accepit
3112 4497 3394 4562 Dominus,
3444 4509 3498 4555 et

257 4589 472 4659 μορφὴν
491 4588 752 4642 ἀνέλαϐεν
780 4592 806 4643 6
831 4593 1122 4662 Δεσπότης,
1150 4593 1242 4646 καὶ
1260 4594 1436 4645 οἰκίαν
1459 4594 1628 4662 αὐτὴν
1645 4594 1828 4664 ἐποιή-

1940 4609 2053 4650 eam
2085 4602 2294 4661 partem
2326 4605 2478 4645 suam
2526 4588 2659 4643 fecit
2689 4607 2704 4643 :
2738 4589 2897 4658 cujus
2938 4589 3017 4643 rei
3059 4589 3217 4645 testis
3247 4599 3332 4644 est
3357 4590 3498 4645 divi-

255 4695 387 4731 σατο
416 4678 607 4749 μερίδα
631 4695 644 4709 ⁸
680 4681 774 4733 καὶ
804 4683 1010 4752 μάρτυς
1040 4685 1068 4736 6
1098 4683 1381 4747 θεσπέσιος
1410 4684 1619 4747 Παῦλος
1651 4683 1787 4753 βοῶν
1808 4701 1820 4713 '

1940 4702 2037 4740 rius
2094 4684 2325 4747 Paulus,
2400 4682 2695 4737 clamans:
2738 4700 2757 4733 ι
2801 4680 3151 4736 Manifestum
3193 4690 3371 4745 autem
3414 4694 3499 4737 est

262 4792 280 4823 ι
307 4771 581 4842 Πρόδηλον
609 4771 665 4824 δὲ
686 4772 769 4825 ὅτι
796 4774 968 4826 Ἰούδα
991 4774 1352 4829 ἀνατέταλκεν
1377 4776 1405 4827 ὀ
1426 4777 1690 4847 Κύριος.»
1714 4778 1826 4831 Kal

1940 4791 1991 4829 ex
2020 4774 2166 4829 tribu
2186 4777 2202 4795 '
2224 4771 2379 4827 Judze
2401 4780 2583 4826 ortum
2617 4786 2739 4826 esse
2765 4770 3054 4826 Dominum
3085 4773 3130 4826 ί.
3168 4790 3186 4823 i
3218 4772 3285 4827 Et
3315 4780 3499 4827 osten-
3580 4777 3584 4781 “

255 4864 469 4926 δεικνὺς
499 4866 574 4927 ὡς
601 4865 662 4917 ού
713 4866 871 4935 μόνον
908 4867 1005 4937 τὴν
1041 4869 1415 4939 Ἰερουσαλὴμ,
1455 4868 1593 4923 ἀλλά
1643 4869 1824 4921 πᾶσαν

1940 4866 2062 4921 lens
2108 4863 2252 4935 quod
2304 4877 2414 4917 non
2475 4863 2641 4918 modo
2689 4862 3148 4932 Hierosolymam,
3189 4862 3282 4918 sed
3330 4864 3495 4919 etiam

258 4956 364 5008 τῶν
416 4954 720 5028 ἀνθρώπων
793 4957 892 5029 τὴν
943 4959 1104 5027 φύσιν
1162 4963 1242 5024 εἰς
1310 4962 1582 5030 σωτηρίαν
1642 4961 1821 5024 καλεῖ,

1940 4958 2247 5011 universum
2297 4970 2471 5025 genus
2526 4954 2829 5008 humanum
2895 4952 2963 5007 ad
3029 4953 3263 5010 salutem
3314 4969 3496 5019 vocet,

253 5047 450 5115 ἐπάγει
472 5066 484 5079 ο

1940 5049 2083 5103 addit
2107 5067 2120 5101 :

2008 4074 2027 4101 ο
2066 4053 2205 4108 Ecce
2254 4051 2463 4123 1607
2503 4051 2671 4114 enim,
2716 4050 2917 4120 inquit,
2969 4051 3207 4115 veniam,
3244 4059 3300 4105 et
3344 4050 3500 4104 habi-

1933 4147 2058 4200 tabo
2106 4147 2160 4199 in
2210 4144 2390 4198 medio
2430 4143 2528 4205 tui,
2577 4142 2711 4195 dicit
2760 4141 3024 4194 Dominus
3066 4158 3079 4193 :
3138 4149 3192 4194 ct
3222 4141 3362 4193 scies
3390 4141 3499 4192 Du-

1932 4235 2140 4288 mimnn
2167 4233 2597 4300 omnipotentem
2633 4230 2849 4283 misisse
2874 4245 2958 4283 me
2978 4228 3044 4281 ad
3072 4238 3143 4281 te.
3172 4228 3356 4296 (Vsus.
3390 4229 3499 4294 l2.)

2336 5225 2361 5263 δ
2403 5222 2638 5291 Philipp.
2674 5238 2746 5285 ιι,
2772 5221 2826 5283 6,
2860 5222 2910 5274 7.
3013 5220 3040 5258 ιι
3080 5221 3235 5277 loan.
3270 5238 3378 5284 MV,
3410 5221 3494 5274 σω.

357 5238 379 5264 ο
421 5226 579 5279 Joan.
615 5242 729 5293 xw,
758 5230 840 5286 10.
936 5230 961 5269 (1
1008 5231 1134 5284 ibid.
1249 5241 1271 5268 ε
1309 5228 1465 5283 Joan.
1500 5246 1566 5293 χ,
1603 5229 1692 5284 50.
1774 5228 1793 5267 τ

1941 5245 1994 5280 ιι.
2032 5243 2143 5289 xw,
2178 5224 2228 5278 9.

257 5304 274 5340 ι
317 5297 474 5351 llebr.
512 5313 602 5360 ιιι,
641 5298 722 5351 ll.

1545 5440 1780 5494 VARle
1818 5439 2214 5495 LECTlONES.

1962 5610 2001 5641 39
2029 5609 2163 5661 ἰδού.
2198 5609 2272 5661 Ex
2308 5608 2349 5659 Α
2395 5607 2572 5675 suppl.
2608 5606 2839 5657 Additur
2884 5616 3118 5675 quoque
3178 5596 3347 5675 infra,
3377 5595 3492 5675 _Gr,

322 5614 365 5645 ³³
390 5617 427 5667 -6
456 5613 532 5667 Ex
562 5613 601 5668 C
633 5612 811 5684 suppl.
886 5611 928 5642 ⁸⁷
967 5609 1006 5661 (1
1044 5610 1228 5673 ἔδειξε.
1306 5612 1347 5641 ³⁸
1384 5611 1511 5679 γάρ.
1548 5609 1670 5663 νος.
1705 5611 1757 5663 in
1791 5610 1853 5662 C.
1962 5610 2001 5641 39
2029 5609 2163 5661 ἰδού.
2198 5609 2272 5661 Ex
2308 5609 2349 5659 Α
2395 5609 2572 5675 suppl.
2608 5609 2839 5657 Additur
2906 5616 3118 5669 quoque
3178 5609 3347 5680 illim.
3377 5609 3492 5677 ξὺν.

322 5683 362 5731 T.
400 5684 526 5731 Cur-
583 5700 746 5731 serui.
784 5686 870 5731 ιιι.
946 5680 990 5711 ’⁸ο
1025 5680 1188 5731 Infra.
1229 5681 1263 5731 l.
1297 5692 1345 5731 ο.
1381 5690 1463 5731 est
1521 5681 1953 5731 κατασκγ-νώςει.
2074 5681 2117 5708 ³¹
2142 5681 2184 5731 Α
2224 5680 2520 5731 ὲπιγνώση.
2599 5678 2642 5708 ³³
2674 5675 2838 5731 Infra.
2881 5674 2918 5726 l.
2954 5689 3000 5724 c.
3036 5679 3116 5723 est
3167 5684 3495 5723 απεσταωιε.

2142 5698 2184 5732 ,ελ
2224 5698 2520 5748 επιγνωσῃ.
2599 5698 2642 5708 τ’
2674 5698 2838 5737 Ιιιιι’ζ1’
2881 5698 2918 5726 ι.
2954 5698 3000 5724 υ.
3036 5698 3116 5723 υδι
3167 5698 3492 5723 υνδὶὸυυμιιῆῦ.

246 5682 362 5750 ΑΓῙ.
400 5684 526 5738 Cur.
583 5680 746 5736 serui.
784 5686 870 5734 ιιι.
946 5680 990 5711 ’⁸ο
1025 5680 1188 5735 Infra.
1229 5681 1263 5732 l.
1297 5692 1345 5737 c.
1381 5690 1463 5734 est
1521 5681 1953 5750 κατασκηνώσει.

247 5754 296 5784 ⁵³
331 5756 447 5825 τήν.
493 5756 533 5805 Α
585 5767 766 5823 primu.
801 5751 910 5804 καί.
1001 5751 1045 5780 ""
1070 5752 1115 5803 Α
1146 5751 1245 5819 γῆν
1277 5753 1372 5819 τὴν
1402 5750 1577 5817 ἁγίαν.
