3956 6202
405 333 540 396 1295
1420 314 1907 378 THEODORETI
1940 309 2279 370 EPISCOPI
2317 303 2683 366 CYRENSIS
2820 289 2829 295 ’
3528 288 3675 353 1896

402 454 680 501 ornatum.
734 439 919 510 Neque
968 445 1147 490 tamen
1210 446 1306 501 per
1359 430 1555 484 oculos
1634 423 2015 494 intelligendi.

2120 422 2375 490 ςροσώπου
2405 417 2500 470 τοῦ
2540 415 2732 484 ἱερέως
2762 407 2903 463 ἐπτᾶ
2939 403 3315 477 κοσμούμενον
3341 400 3675 472 ὀφθαλμοῖς.

2443 508 2449 510 _
2549 506 2563 510 _
2619 505 2636 510 _
2684 503 2699 510 -
2795 502 2807 510 .
2927 500 2940 510 .
2991 498 3014 510 -
3060 498 3076 510 .
3169 498 3182 510 .
3406 495 3421 510 .
3557 491 3598 510 ,.
3665 509 3668 510 ,

735 491 848 510 ,πή
899 491 911 493 -
1214 491 1228 501 _
1822 491 1840 494 ν

406 547 533 591 sunt
561 533 744 595 oculi,
788 542 966 598 neque
1002 523 1350 595 septenarius
1397 533 1660 574 numerus
1694 532 1792 586 pro
1837 522 1986 569 certo

2120 512 2228 564 Ιῦτε
2277 510 2332 563 δὲ
2375 508 2502 571 τοὺς
2541 502 2877 575 ὀφθαλμοὺς,
2917 498 3229 570 ὀφθαλμοὺς
3263 495 3507 565 νοητέον,
3544 491 3679 545 οὔτε

409 628 593 695 aliquo
647 636 877 677 numero
937 613 1311 686 accipiendas).
1350 609 1485 664 Nam
1550 608 1750 662 divinae
1800 607 1990 678 gratiae

410 716 780 785 operationem
868 710 1049 764 oculos
1132 702 1433 775 appellavit
1496 715 1510 751 :
1578 709 1775 769 septem.
1862 710 1991 751 vero

416 807 625 876 1611
694 801 1006 863 illosdixit,
1051 798 1172 868 ejus
1240 791 1672 864 magnitudinem
1740 798 1794 845 et
1849 788 1988 841 mul-

414 900 701 952 titudinem
761 910 853 963 per
914 894 1012 945 llos
1071 887 1416 958 signiﬁcans.
1462 885 1551 938 Sic
1609 883 1771 936 etiam
1837 880 1992 932 Anna

416 991 594 1057 inquit
624 1004 637 1040 :
667 1007 683 1038 ι
724 984 942 1041 Stcrilis
993 981 1205 1052 peperit
1239 988 1444 1049 septem
1470 985 1534 1038 ω,
1581 994 1598 1026 ι
1643 988 1751 1028 non
1801 970 1995 1025 delini—

417 1094 531 1136 tum
585 1093 871 1133 munerum
924 1072 1383 1144 intrtligens,scd
1437 1067 1844 1123 multitudinem
1898 1064 1995 1117 dc-

417 1175 667 1243 signaus.
706 1170 770 1223 Et
804 1170 998 1223 beatus
1030 1164 1198 1221 David
1230 1182 1243 1217 :
1283 1184 1301 1217 ι
1338 1161 1529 1217 Redde
1559 1158 1757 1214 vicinis
1788 1155 1996 1211 nostris

420 1264 732 1333 srptuptum
776 1261 831 1314 in
873 1259 1001 1314 sinu
1032 1253 1469 1313 eorutnnnboc
1515 1259 1620 1314 est,
1668 1248 1998 1318 multiplices

420 1356 491 1408 ob
518 1370 581 1407 ea
606 1353 767 1414 mala,
798 1349 1002 1420 quibus
1033 1361 1135 1400 nos
1169 1345 1449 1404 laeserunt,
1479 1342 1610 1396 dent
1641 1354 1851 1407 poenas.
1880 1339 1997 1394 iam

423 1458 551 1498 vero
600 1457 721 1497 eum
760 1439 988 1508 lapidem
1027 1435 1296 1497 nominat,
1336 1441 1558 1503 propter
1592 1431 1907 1485 ﬁrmitatem
1947 1439 2000 1483 et

423 1536 591 1589 robur
635 1529 1079 1602 inexpugnabile,
1160 1543 1284 1582 cum
1361 1526 1663 1597 praisertim
1712 1524 1784 1578 sit
1841 1533 2003 1594 typus

2088 606 2179 659 τὸν
2206 602 2347 657 ἑπτὰ
2377 598 2609 671 ἀριθμὶν
2644 596 2736 649 ἐπὶ
2779 592 2944 664 ῥητοῦ
2975 589 3212 662 ἀριθμοῦ
3251 587 3510 659 ληπτέον.
3559 586 3685 654 Τὴν

2090 695 2198 767 γὰρ
2228 695 2325 762 τῆς
2349 690 2499 753 θείας
2529 689 2750 760 χάριτος
2790 684 3069 755 ἐνέργειαν
3108 677 3460 748 ὀφθαλμοὺς
3497 692 3687 747 προσ-

2091 761 2432 856 ηγόρευσεν·
2472 779 2623 834 ἐπτά
2672 775 2730 829 δὲ
2783 773 2982 836 αὐτοὺς
3030 769 3307 839 ὠνόμασε,
3353 766 3416 819 τὸ
3467 761 3692 833 πλῆθος

2093 876 2262 947 αὐτῆς
2297 875 2393 927 καὶ
2420 874 2481 925 τὺ
2516 868 2746 942 μέγεθος
2794 866 2882 920 διὰ
2912 863 3120 917 τούτων
3160 858 3469 930 σημαίνων.
3516 854 3692 909 Οὖτω

2093 946 2255 1039 καὶῆ
2305 968 2475 1019 ’Λννα
2521 962 2719 1033 φησί-δ’
2786 959 3027 1028 «Στεῖρα
3083 954 3271 1007 ἔτεκεν
3315 951 3523 1014 ἐπτὰ,›
3579 946 3696 1015 οὔχ

2096 1060 2405 1135 ὡρισμένον
2438 1055 2671 1129 ἀριθμὸν
2697 1052 2954 1120 λέγουσα,
3000 1048 3137 1102 ἀλλὰ
3166 1044 3227 1098 τὸ
3257 1042 3460 1112 πλῆθος
3489 1055 3697 1109 παρα-

2096 1132 2351 1226 δηλοῦσα.
2423 1150 2533 1205 Καὶ
2581 1150 2609 1200 ὁ
2669 1145 2939 1217 μακάριος
2999 1140 3206 1194 Δαϐίδο
3259 1133 3527 1195 ι’Δπόδος
3566 1132 3700 1191 τοῖς

2098 1253 2335 1318 γείτοσιν
2363 1248 2393 1316 ἡ
2405 1244 2521 1314 μῶν
2547 1237 2959 1295 ἑπταπλασίονα
3003 1235 3082 1296 είς
3111 1231 3203 1284 τὸν
3230 1229 3430 1282 κόλπον
3459 1221 3657 1277 αὐτῶν
3677 1234 3697 1249 ⁸

2102 1343 2223 1396 ἀντὶ
2248 1339 2365 1401 τοῦ,
2387 1332 2821 1393 πολλαπλασίαν,
2850 1323 2924 1382 ὧν
2953 1325 3221 1398 ⁴Ιχδίκησαν
3246 1320 3413 1391 ἡμᾶς.
3435 1317 3702 1370 δότωσαν

2100 1435 2276 1504 δίκην.
2316 1432 2498 1485 Λίθον
2531 1427 2588 1482 δὲ
2621 1425 2783 1480 αὐτὸν
2818 1421 3073 1491 ὀνομάζει
3099 1416 3186 1470 διὰ
3211 1414 3272 1467 τδ
3296 1408 3531 1483 στερρὸν
3587 1404 3701 1458 καὶ

2102 1523 2577 1593 ἁκαταγώνιστον·
2613 1517 2789 1580 ἄλλως
2818 1531 2877 1568 τε
2918 1513 2964 1545 ⁶⁰
3000 1510 3096 1564 καὶ
3132 1508 3303 1569 τύπος
3338 1500 3406 1575 ἦν
3438 1500 3540 1554 τοῦ
3588 1503 3704 1551 Δε-

425 1624 629 1680 Cliristi
678 1623 926 1685 Domini,
965 1620 1058 1690 qui
1108 1619 1161 1672 in
1203 1588 1397 1672 multis
1444 1616 1644 1671 divinm
1705 1588 2006 1684 Scriptum

2120 1618 2304 1672 ςπότου
2345 1611 2606 1683 Χριστοῦ,
2641 1609 2698 1672 6;
2739 1606 2886 1668 λίθος
2932 1604 3038 1656 ὑπὸ
3070 1601 3171 1670 τῆς
3203 1597 3352 1659 θείας
3403 1588 3702 1662 πολλαχοῦ

431 1717 566 1771 lueis
633 1716 775 1784 lapis
823 1679 1134 1783 appellatus
1186 1717 1291 1764 est.
1344 1707 1575 1762 Divinos
1635 1707 1781 1761 enim
1833 1679 2004 1759 David

2120 1679 2529 1780 προσηγορεύθη
2578 1700 2820 1770 Γρσφῆς.
2863 1695 2920 1747 '0
2961 1693 3060 1764 μὲν
3106 1690 3216 1759 γὰρ
3261 1685 3549 1744 θειότατος
3585 1679 3705 1748 ἔφη

427 1807 590 1861 dixit:
615 1805 809 1875 «Lapis
855 1774 1017 1873 quem
1050 1802 1481 1871 reprobaverunt
1517 1798 1879 1863 aedificantes,
1913 1796 2001 1851 hic

2120 1800 2306 1854 δοιδίδ⁸
2360 1796 2545 1857 Λίθον,
2599 1793 2658 1847 ὃν
2697 1787 3109 1857 ἀπεδοκίμασαν
3148 1784 3200 1835 οἱ
3248 1774 3703 1845 οἰκοδομοῦντες,

430 1898 606 1952 factus
630 1904 713 1953 est
742 1902 908 1966 caput
939 1894 1127 1965 anguli
1150 1900 1197 1947 ο.
1232 1912 1250 1944 ι
1277 1892 1381 1947 Per
1403 1906 1465 1945 os
1494 1905 1622 1945 vero
1653 1890 1820 1944 divini
1850 1890 2002 1944 Isaiae

431 1987 576 2044 Dcus
612 1987 997 2042 universorum
1030 1985 1108 2039 ait
1140 2002 1153 2038 :
1194 2002 1210 2035 ι
1243 1984 1387 2038 Ecce
1432 1997 1534 2054 ego
1574 1998 1716 2053 pono
1747 1983 1800 2035 in
1835 1979 2002 2035 Sinne

432 2084 667 2154 lapidem
700 2082 1077 2152 magniﬁcum,
1135 2079 1393 2142 elct-tum,
1430 2077 1770 2147 angularem,
1801 2074 2006 2144 pretio-

433 2191 575 2241 sum,
624 2175 678 2228 in
733 2172 1085 2228 fundamenta
1124 2169 1270 2239 ejus,
1314 2175 1370 2223 et
1420 2167 1601 2223 omnis
1653 2165 1887 2221 credens
1950 2167 2003 2219 in

432 2278 558 2318 eum
590 2276 700 2315 non
748 2259 1119 2319 confundetur
1147 2268 1196 2314 ι’.
1238 2275 1257 2308 ι
1300 2255 1391 2311 Sic
1422 2256 1549 2310 item
1584 2257 1780 2311 beatus
1815 2255 2007 2309 Daniel

435 2350 668 2421 lapidem
697 2348 835 2404 vidit
870 2348 939 2403 de
987 2354 1175 2401 monte
1220 2345 1529 2401 abscissum
1568 2345 1687 2400 sine
1727 2345 2006 2411 manibus,

433 2450 489 2498 et
538 2450 776 2496 statuam
827 2437 1251 2508 percutientem,
1289 2434 1522 2505 ejusque
1558 2435 1819 2489 materias
1853 2448 2007 2489 com-

436 2530 802 2594 minucntem,
853 2527 1171 2597 factumque
1228 2527 1285 2579 in
1336 2536 1575 2580 montem
1635 2541 1916 2594 tnagnum,
1958 2533 2012 2581 et

438 2619 752 2689 implentetn
802 2616 1115 2671 universam
1168 2621 1373 2669 terram
1411 2624 1461 2669 ιι.
1510 2613 1638 2668 Haec
1688 2614 1917 2669 edoctus
1958 2623 2014 2670 et

437 2711 632 2767 beatus
677 2708 884 2764 Paulus
915 2709 1159 2762 clamat:
1198 2725 1216 2759 ι
1256 2704 1523 2760 Bibebant
1558 2713 1739 2760 autem
1796 2707 1865 2761 de
1903 2706 2015 2775 spi-

441 2800 669 2854 rituali'
701 2806 965 2869 sequente
1021 2812 1119 2852 eos
1171 2803 1326 2867 petra
1383 2814 1397 2852 :
1457 2803 1611 2866 petra
1664 2804 1845 2852 autem
1894 2805 2017 2852 erat

439 2890 1031 2959 Christns'altemque
1068 2906 1082 2943 :
1126 2907 1144 2940 ι
1181 2887 1627 2944 Fundamentum
1670 2886 1820 2941 aliud
1858 2902 2018 2942 nemo

442 2989 621 3053 potest
651 2995 872 3051 ponere,
903 2991 1099 3050 praeter
1155 2980 1209 3034 id
1246 2979 1391 3053 quod
1427 2980 1665 3049 positum
1719 2987 1828 3044 est,
1873 2978 2019 3047 quod

2109 1888 2263 1955 οὗτος
2311 1888 2542 1957 ἐγενήθη
2596 1884 2675 1946 εἰς
2723 1878 2965 1948 κεφαλὴν
3013 1872 3282 1943 γωνίας.ι
3344 1866 3442 1919 Διὰ
3484 1864 3548 1918 δὲ
3596 1861 3705 1914 τοῦ

2111 1954 2399 2037 θεσπεσίου
2436 1954 2663 2031 Ἡσαΐου
2710 1974 2738 2027 6
2783 1970 2893 2024 τῶν
2920 1968 3058 2022 ὅλων
3114 1963 3265 2030 λέγει
3308 1958 3457 2020 Θεός·
3485 1974 3507 2008 t
3555 1954 3708 2007 Ἰδοὺ

2111 2072 2304 2141 τίθημι
2335 2071 2392 2121 ὲν
2413 2064 2552 2120 Σιὼν
2582 2062 2732 2117 λίθον
2768 2056 3059 2127 πολυτελῆ,
3109 2050 3389 2114 ἐκλεκτὸν,
3434 2050 3711 2116 ἀκρογω-

2113 2137 2304 2229 νιαῖον,
2336 2161 2552 2230 ἔντιμον
2582 2157 2648 2221 υ,
2691 2156 2771 2217 είς
2800 2152 2871 2206 τὰ
2908 2149 3133 2222 θεμέλια
3166 2145 3354 2214 αὐτῆς,
3393 2140 3489 2196 καὶ
3524 2139 3642 2200 πᾶς
3677 2137 3712 2188 6

2114 2253 2387 2309 πιστεύων
2419 2252 2505 2304 ἐπ’
2538 2247 2687 2319 αὐτῷ
2719 2248 2780 2300 οὐ
2812 2243 2888 2317 μὴ
2929 2236 3319 2309 καταισχυνθῇ.
3350 2254 3369 2287 ι
3411 2230 3576 2287 Οὕτω
3606 2230 3711 2283 καὶ

2114 2350 2143 2403 6
2176 2346 2444 2418 μακάριος
2489 2340 2692 2413 Δανιὴλ
2720 2333 2830 2392 εῐδε
2867 2332 3153 2405 τμηθέντα
3203 2328 3311 2382 ἀπὺ
3351 2326 3514 2395 ὅρους
3549 2321 3715 2374 λξθον

2118 2440 2247 2494 ἄνευ
2291 2434 2513 2507 χειρῶν,
2568 2431 2665 2486 καὶ
2716 2431 2816 2499 τὴν
2867 2426 2966 2499 μὲν
2996 2426 3183 2477 εἰκόνα
3224 2417 3569 2482 πατάξαντα,
3604 2412 3716 2465 καὶ

2116 2530 2218 2594 τὰς
2243 2505 2764 2591 ὗλαςλεπτύναντα,
2818 2517 3112 2588 γενόμενον
3145 2513 3203 2567 δὲ
3250 2511 3327 2572 είς
3358 2508 3485 2578 ὅρος
3531 2505 3714 2574 μέγα,

2119 2622 2218 2676 καὶ
2262 2618 2361 2690 τὴν
2403 2614 2733 2686 οἰκουμένην
2775 2608 3115 2679 καλύψαντα.
3158 2602 3347 2658 Ταῦτα
3399 2596 3719 2651 πεπαιδευ-

2126 2715 2285 2786 μένος
2307 2712 2400 2766 καλ.
2425 2711 2453 2763 6
2485 2709 2756 2780 μακάριος
2787 2702 2998 2766 Παῦλος
3033 2700 3159 2772 βοᾷ·
3200 2715 3218 2748 ι
3243 2696 3469 2749 Ἐπινον
3501 2691 3616 2761 γὰρ
3646 2691 3717 2786 ἐκ

2125 2775 2506 2870 πνευματικῆς
2546 2775 2946 2861 ἀκολουθούσης
2982 2789 3192 2859 πέτρας
3215 2800 3228 2813 ’
3261 2786 3294 2856 ἡ
3332 2783 3389 2837 δὲ
3424 2781 3608 2848 πέτρα.
3644 2775 3720 2849 ἦν

2124 2895 2153 2946 6
2201 2891 2456 2964 Χριστός.
2483 2908 2502 2942 ι
2563 2887 2676 2941 Καὶ
2728 2883 2922 2939 πάλιν·
2964 2879 3265 2952 «θεμέλιον
3322 2876 3481 2930 ἄλλον
3529 2872 3720 2935 οὐδεὶς

2125 2986 2349 3040 δύναται
2381 2985 2555 3036 θεῖναι
2586 2978 2739 3049 παρὰ
2768 2976 2860 3030 τὸν
2891 2976 3170 3044 κείμενον,
3214 2971 3275 3035 ὃς
3300 2972 3449 3023 ἐστιν
3493 2964 3721 3036 Ἰησοῦς

442 3081 528 3128 est
562 3072 822 3126 Christus
860 3068 1020 3124 Jesus
1055 3079 1102 3122 ⁸.
1150 3089 1168 3122 ι
1213 3068 1370 3124 Hunc
1413 3071 1469 3123 in
1504 3084 1563 3123 se
1612 3076 1835 3141 gestans
1881 3068 2015 3138 lapi-

2127 3078 2155 3130 6
2188 3075 2440 3146 Χριστός.
2470 3091 2489 3124 ι
2526 3070 2729 3124 Τοῦτον
2786 3068 2845 3121 ἑν
2899 3064 3079 3136 ἐαυτῷ
3134 3062 3316 3134 φέρων
3353 3063 3449 3113 τὸν
3472 3058 3646 3138 ’λίθον
3688 3061 3720 3110 6

443 3165 567 3220 dem
619 3160 924 3217 Zorobabel
971 3161 1058 3232 (ex
1110 3174 1176 3215 eo
1231 3161 1380 3214 enim
1433 3159 1740 3215 secundum
1799 3132 2015 3214 carnem

2124 3132 2431 3240 Ζοροϐάϐελ
2487 3162 2568 3235 (ἐξ
2622 3158 2785 3215 αὐτοῦ
2822 3159 2933 3230 γὰρ
2977 3132 3225 3210 τδάάτά
3274 3132 3481 3223 σάρκα·
3517 3146 3725 3220 βεϐλάι

446 3254 651 3327 prodiit
687 3254 841 3309 orbis
879 3259 1041 3307 terra:
1094 3250 1396 3323 Salvator),
1431 3261 1581 3307 recte
1615 3260 1669 3305 et
1718 3252 1835 3320 ipse
1885 3251 2023 3319 lapis

447 3356 812 3417 nuncupatur,
856 3342 1113 3397 omnibus
1149 3343 1343 3408 gratiis
1383 3341 1720 3412 perfnlgens.
1768 3331 1839 3395 Ut
1893 3357 2026 3396 vero

447 3442 521 3494 ita
553 3437 819 3494 divinitus
858 3436 1043 3491 datam
1091 3433 1417 3490 Zorobabeli
1462 3436 1694 3505 gratiam
1746 3433 2025 3503 patefecit,

450 3529 692 3600 praedicit
742 3529 909 3584 etiam
964 3535 1172 3598 tropaea
1213 3524 1450 3581 illustris
1498 3526 1619 3594 ejus
1676 3525 1889 3596 1612
1932 3524 2029 3580 ad-

449 3622 872 3680 ministrationis
902 3620 1131 3675 bellicae.
1174 3636 1192 3669 (
1235 3617 1372 3672 Ecce
1412 3615 1752 3687 ego-fodiam
1794 3616 2026 3681 foveam,

449 3718 580 3774 dicit
615 3717 878 3771 Dominus
914 3711 1290 3781 omnipotens,
1326 3717 1380 3763 et
1420 3707 1777 3762 contrectabo
1811 3722 2026 3762 omnem

451 3810 796 3879 iniquitatem
833 3817 992 3860 terra:
1032 3802 1204 3865 illius,
1232 3800 1321 3855 die
1366 3813 1497 3853 uno.
1531 3817 1549 3849 ι
1608 3798 1731 3851 llaec
1774 3798 1842 3850 de
1880 3796 2030 3868 Gogo

450 3910 505 3957 et
556 3900 778 3968 Magogo
829 3894 1114 3965 praedixit,
1159 3892 1363 3960 quibus
1411 3889 1500 3944 die
1562 3903 1672 3942 uno
1726 3889 2029 3958 perniciem

451 3986 654 4043 attulit.
686 3993 739 4039 et
791 3997 983 4038 omnes
1023 3979 1226 4048 pariter
1278 3977 1345 4031 ad
1391 3977 1726 4031 occisionem
1782 3977 2029 4042 deduxit,

453 4091 616 4149 quam
669 4089 765 4146 per
817 4070 1239 4128 translationem
1309 4067 1510 4137 foveam
1563 4066 1881 4136 appellavit.
1932 4067 2031 4122 His

454 4186 588 4227 vero
630 4165 822 4239 gestis,
866 4177 1080 4227 omnes,
1128 4160 1332 4230 inquit,
1394 4158 1498 4215 sub
1544 4157 1883 4214 Zorobabelc
1922 4161 2030 4213 tui-

453 4264 698 4326 litantes,
721 4259 922 4331 quippe
947 4256 1187 4311 victores
1225 4252 1377 4316 facti,
1405 4251 1460 4306 in
1509 4252 1782 4320 reliquum
1814 4260 2031 4322 tempus

456 4366 649 4411 secure
677 4350 868 4407 subter
888 4348 1028 4403 vites
1064 4353 1118 4401 et
1148 4344 1309 4409 licus,
1335 4357 1459 4399 sese
1493 4351 1686 4396 mutuo
1727 4341 1796 4396 ad
1836 4344 2031 4414 epulas

456 4443 774 4504 invitantes,
798 4436 1051 4496 convivia
1098 4434 1338 4498 inibunt,
1371 4432 1609 4488 hostium
1644 4432 1852 4487 bellum
1892 4433 2026 4487 nihil

457 4541 787 4590 metuentes.
820 4529 958 4585 Cum
1012 4527 1127 4581 lnee
1165 4525 1467 4580 audivisset
1505 4522 1773 4593 pr0pheta
1801 4562 1817 4589 ,
1854 4523 1911 4577 in
1947 4531 2031 4579 tot

458 4632 513 4678 et
557 4629 836 4677 tantarum
886 4616 1285 4672 revelationum
1337 4614 1549 4668 visione
1603 4614 1843 4683 positus,
1874 4625 2031 4668 extra

461 4729 551 4768 res
580 4713 851 4766 humanas
871 4707 1139 4774 constitit,
1165 4713 1221 4762 et
1263 4707 1318 4760 in
1348 4706 1461 4761 illis
1508 4712 1744 4760 mentem
1769 4704 2031 4776 deﬁgens,

462 4806 666 4860 bouiini
706 4809 931 4861 veterno
963 4798 1227 4869 depresso
1265 4812 1570 4869 somnoque
1614 4799 1917 4855 constricto
1956 4799 2033 4855 si-

462 4893 613 4948 milis
653 4889 963 4945 videbatur.
996 4889 1212 4944 Idcirco
1258 4898 1486 4944 sanctus
1546 4888 1775 4959 angelus
1833 4890 2036 4959 populo

464 4984 753 5057 praefectus
809 4983 906 5054 qui
960 4996 1083 5038 eum
1194 4995 1292 5052 per
1343 4995 1537 5037 omnes
1617 4981 1856 5037 visiones
1941 4981 2035 5037 de-

463 5077 724 5142 duxerat,

536 5369 578 5400 -ιι
615 5357 637 5414 1
671 5358 804 5429 Reg.
834 5374 909 5423 ιι,
942 5360 995 5412 5.

1072 5368 1100 5395 η
1134 5356 1278 5413 Psal.
1310 5371 1515 5411 Lxxvnt
1541 5395 1556 5421 ,
1596 5359 1686 5411 12.

470 5440 493 5471 τ
532 5430 551 5484 1
579 5434 703 5486 Cor.
739 5446 792 5493 Χ,
822 5430 876 5482 4.

954 5441 974 5466 ⁸
1020 5429 1194 5482 lCor.
1224 5443 1316 5489 ιιι,
1356 5428 1442 5480 li.

1766 5374 1785 5394 °
1827 5358 1970 5412 Psal.
2006 5375 2190 5423 cxvn,
2242 5359 2335 5413 22.

2127 3239 2328 3330 στηκεν
2359 3259 2387 3310 6
2406 3255 2503 3326 τῆς
2538 3253 2866 3323 οἰκουμένης
2905 3244 3392 3319 Σωτὴρ),είκότως
3418 3242 3519 3294 καὶ
3549 3239 3721 3301 αὐτὸς

2121 3351 2453 3421 ὀνομάζεται
2505 3346 2676 3411 λίθος,
2733 3341 3096 3401 παντοδαποῖς
3156 3333 3482 3404 διαλάμπων
3551 3330 3722 3400 χαρί-

2128 3420 2349 3512 σμασιν.
2382 3437 2538 3491 Οὕτω
2557 3435 2657 3507 τὴν
2679 3433 2956 3487 θεόσδοτον
2971 3427 3066 3483 τοῦ
3088 3423 3399 3499 Ζοροὸάϐελ
3422 3420 3722 3485 ὑποδείξας

2127 3534 2308 3605 χάριν,
2342 3529 2598 3602 προλέγει
2625 3526 2721 3581 καλ⁸
2750 3524 2850 3594 τῆς
2873 3522 3133 3593 λαμπρᾶς
3168 3514 3336 3572 αὐτοῦ
3371 3513 3724 3585 στρατηγίας

2127 3624 2197 3677 τὰ
2222 3622 2476 3692 τρόπαια*
2525 3637 2544 3671 ‹
2566 3619 2696 3672 Ἰδοὺ
2725 3615 2834 3684 ὲγὼ
2853 3613 3070 3686 ὀρύσσω
3102 3609 3315 3682 βόθρον,
3336 3607 3487 3675 λέγει
3512 3605 3721 3676 Κύριος

2131 3712 2542 3782 παντοκράτωρ,
2581 3710 2676 3762 καὶ
2707 3706 3015 3778 ψηλαφήσω
3044 3705 3223 3757 πᾶσαν
3246 3701 3347 3772 τὴν
3373 3699 3593 3752 ἀδικίαν
3617 3696 3724 3765 τῆς

2132 3806 2236 3876 γῆς
2269 3804 2484 3875 ἐκείνης
2516 3804 2572 3855 ἐν
2606 3801 2793 3871 ἡμέρᾳ
2821 3799 2940 3869 μιᾷ.
2974 3815 2993 3849 ι
3047 3793 3234 3848 Ταῦτα
3278 3792 3409 3862 περὶ
3455 3788 3552 3842 τοῦ
3590 3786 3721 3854 Γὼγ

2132 3899 2230 3950 κοιλ⁸
2289 3894 2500 3965 Μαγὼγ
2559 3890 2994 3963 προηγόρευσεν,
3039 3881 3122 3950 οἷς
3164 3885 3226 3938 ὲν
3269 3883 3456 3954 ἡμέρᾳ
3484 3881 3587 3952 μιᾷ
3617 3880 3724 3948 τὴν

2132 3987 2508 4059 πανωλεθρίαν
2562 3986 2844 4057 ἐπήγαγε’
2881 3980 2975 4035 καὶ
3003 3980 3250 4040 ἅπαντας
3302 3979 3425 4029 κατ’
3468 3973 3638 4027 αὐτὸν
3672 3973 3719 4005 ⁸³

2137 4080 2354 4151 θανάτῳ
2406 4077 2793 4148 παρέπεμψεν,
2850 4074 2910 4128 ὃν
2970 4068 3249 4144 τροπικῶς
3302 4065 3721 4139 προσηγόρευσε

2129 4175 2375 4242 βόθρον.
2416 4172 2618 4225 Τούτου
2662 4169 2742 4231 δὲ,
2791 4167 2981 4237 φησιν,
3033 4163 3350 4234 γενομένου,
3388 4158 3638 4220 ἅπαντες
3668 4159 3721 4210 οι

2136 4265 2241 4319 ὑπὸ
2275 4265 2352 4334 τῷ
2390 4260 2699 4334 Ζοροϐάϐελ
2729 4256 3176 4329 στρατευόμενοι,
3212 4246 3301 4305 οἷα
3330 4252 3396 4322 δὴ
3424 4250 3724 4320 νικηφόροι

2135 4356 2443 4428 γενόμενοι,
2474 4353 2644 4414 ἀδεῶς
2677 4351 2864 4405 λοιπὸν
2913 4348 3020 4401 ὑπὸ
3050 4346 3149 4411 τὰς
3178 4342 3459 4415 ἀμπέλους
3499 4343 3598 4395 καὶ
3622 4340 3725 4402 τὰς

2140 4450 2309 4512 συκᾶς
2347 4445 2611 4518 ἀλλήλους
2642 4446 2721 4507 είς
2770 4440 3016 4495 ἑστίασιν
3066 4432 3471 4505 συγκαλοῦντες
3504 4432 3719 4501 εὐωχη-

2141 4539 2423 4610 θήσονται,
2451 4537 2549 4606 τὴν
2584 4534 2692 4587 τῶν
2727 4531 3005 4602 πολεμίων
3028 4527 3090 4583 ού
3113 4526 3484 4596 δειμαίνοντες
3507 4523 3717 4592 ἔφοδον.

2140 4630 2358 4685 Τούτων
2395 4630 2423 4682 6
2456 4627 2743 4697 προφήτης
2770 4623 3035 4684 ἀκούσας,
3065 4619 3160 4673 καὶ
3189 4620 3248 4671 ὲν
3280 4617 3347 4686 τῇ
3380 4614 3592 4685 θεωρία
3614 4611 3722 4665 τῶν

2140 4721 2408 4776 τοσούτων
2436 4720 2530 4772 καὶ
2559 4716 2818 4771 τοιούτων
2864 4711 3260 4781 ἀποκαλύψεων
3300 4704 3567 4776 γεγονὼς,
3615 4704 3723 4770 ἐξω

2145 4815 2243 4885 μὲν
2273 4811 2380 4865 τῶν
2400 4808 2756 4881 ἀνθρωπίνων
2786 4804 3132 4878 πραγμάτων
3168 4801 3433 4870 κατέστη,
3471 4799 3533 4852 ὲν
3573 4796 3721 4852 ὲκεί-

2142 4922 2252 4968 νοις
2279 4903 2335 4957 δὲ
2366 4904 2464 4973 τὴν
2491 4901 2727 4955 διάνοιαν
2759 4899 2920 4968 ἔχων,
2962 4897 3125 4967 ἐῴκει
3162 4893 3273 4947 τινὶ
3300 4891 3424 4943 λίαν
3471 4905 3719 4957 κεκαρω-

2149 4997 2294 5065 μένῳ
2329 4996 2422 5047 καὶ
2450 4991 2602 5063 ὕπνῳ
2630 4984 2994 5062 ,κατεχομένῳ
3015 5004 3028 5017 ·
3059 4980 3121 5039 οὗ
3141 4985 3303 5056 χάριν
3322 4985 3350 5036 ὁ
3380 4982 3538 5050 ἅγιος
3562 4980 3721 5046 ἄγγε-

2151 5089 2263 5154 λος,
2294 5089 2322 5140 ὁ
2343 5085 2438 5140 τοῦ
2468 5103 2528 5138 τε
2561 5084 2690 5138 λαοῦ
2726 5079 3138 5153 προστατεύων,
3173 5075 3414 5146 καὶπερὶ
3434 5074 3535 5137 τὰς
3558 5072 3724 5125 ὀπτι-

2149 5176 2268 5242 σίας
2297 5178 2460 5232 αὐτὸν
2486 5176 2801 5245 ποδηγὴσας
2826 5173 3064 5238 ἁπάσας,

2444 5368 2471 5407 P
2513 5360 2617 5414 tsa.
2652 5372 2819 5413 xxvm
2846 5396 2860 5423 ,
2909 5354 2994 5408 16.
3112 5360 3141 5401 q
3182 5348 3321 5403 Dan.
3357 5362 3434 5412 ιι,
3464 5344 3537 5402 34
3564 5356 3717 5415 seqq-

1753 5587 1981 5643 vauun
2018 5560 2417 5641 LECTIONES.

547 5724 594 5756 ‘°
618 5722 658 5780 C
685 5724 762 5782 δέ.
823 5727 865 5760 ⁶¹
902 5727 1011 5782 ἔντ.
1051 5726 1088 5782 C
1122 5726 1270 5783 addit
1299 5725 1569 5796 θεμέλιον.
1641 5728 1685 5759 επ
1722 5726 1760 5782 C
1793 5725 1928 5779 κατὰ
1958 5723 2172 5775 ταυτόν.
